%YAML 1.1
%TAG !u! tag:unity3d.com,2011:
--- !u!1001 &100100000
Prefab:
  m_ObjectHideFlags: 1
  serializedVersion: 2
  m_Modification:
    m_TransformParent: {fileID: 0}
    m_Modifications: []
    m_RemovedComponents: []
  m_ParentPrefab: {fileID: 0}
  m_RootGameObject: {fileID: 1581049218634816}
  m_IsPrefabParent: 1
--- !u!1 &1407839222770824
GameObject:
  m_ObjectHideFlags: 1
  m_PrefabParentObject: {fileID: 0}
  m_PrefabInternal: {fileID: 100100000}
  serializedVersion: 5
  m_Component:
  - component: {fileID: 4874628358601324}
  - component: {fileID: 212384427569864312}
  m_Layer: 10
  m_Name: SantaHat (4)
  m_TagString: Untagged
  m_Icon: {fileID: 0}
  m_NavMeshLayer: 0
  m_StaticEditorFlags: 0
  m_IsActive: 1
--- !u!1 &1506073480734812
GameObject:
  m_ObjectHideFlags: 1
  m_PrefabParentObject: {fileID: 0}
  m_PrefabInternal: {fileID: 100100000}
  serializedVersion: 5
  m_Component:
  - component: {fileID: 4712234925987380}
  - component: {fileID: 212658418449708494}
  - component: {fileID: 50183731818342832}
  - component: {fileID: 114007403948203272}
  - component: {fileID: 61516010370906510}
  m_Layer: 10
  m_Name: Head
  m_TagString: Untagged
  m_Icon: {fileID: 0}
  m_NavMeshLayer: 0
  m_StaticEditorFlags: 0
  m_IsActive: 1
--- !u!1 &1581049218634816
GameObject:
  m_ObjectHideFlags: 0
  m_PrefabParentObject: {fileID: 0}
  m_PrefabInternal: {fileID: 100100000}
  serializedVersion: 5
  m_Component:
  - component: {fileID: 4365556817115670}
  m_Layer: 10
  m_Name: PurpSlimeHolder
  m_TagString: Enemy
  m_Icon: {fileID: 0}
  m_NavMeshLayer: 0
  m_StaticEditorFlags: 0
  m_IsActive: 1
--- !u!1 &1784396600912608
GameObject:
  m_ObjectHideFlags: 1
  m_PrefabParentObject: {fileID: 0}
  m_PrefabInternal: {fileID: 100100000}
  serializedVersion: 5
  m_Component:
  - component: {fileID: 4699589202990920}
  - component: {fileID: 212760131279031678}
  m_Layer: 10
  m_Name: Torso
  m_TagString: Untagged
  m_Icon: {fileID: 0}
  m_NavMeshLayer: 0
  m_StaticEditorFlags: 0
  m_IsActive: 1
--- !u!1 &1983000691555758
GameObject:
  m_ObjectHideFlags: 0
  m_PrefabParentObject: {fileID: 0}
  m_PrefabInternal: {fileID: 100100000}
  serializedVersion: 5
  m_Component:
  - component: {fileID: 4723711147558340}
  - component: {fileID: 95665867012756928}
  - component: {fileID: 61590006235874014}
  - component: {fileID: 114950117141533450}
  - component: {fileID: 114138888683049824}
  m_Layer: 10
  m_Name: Slime
  m_TagString: Enemy
  m_Icon: {fileID: 0}
  m_NavMeshLayer: 0
  m_StaticEditorFlags: 0
  m_IsActive: 1
--- !u!4 &4365556817115670
Transform:
  m_ObjectHideFlags: 1
  m_PrefabParentObject: {fileID: 0}
  m_PrefabInternal: {fileID: 100100000}
  m_GameObject: {fileID: 1581049218634816}
  m_LocalRotation: {x: 0, y: 0, z: 0, w: 1}
  m_LocalPosition: {x: 8.745583, y: -2.0630355, z: 87.8}
  m_LocalScale: {x: 1, y: 1, z: 1}
  m_Children:
  - {fileID: 4723711147558340}
  m_Father: {fileID: 0}
  m_RootOrder: 0
  m_LocalEulerAnglesHint: {x: 0, y: 0, z: 0}
--- !u!4 &4699589202990920
Transform:
  m_ObjectHideFlags: 1
  m_PrefabParentObject: {fileID: 0}
  m_PrefabInternal: {fileID: 100100000}
  m_GameObject: {fileID: 1784396600912608}
  m_LocalRotation: {x: -0, y: -0, z: -0, w: 1}
  m_LocalPosition: {x: -0.348, y: -0.19400004, z: 0}
  m_LocalScale: {x: 1, y: 1, z: 1}
  m_Children: []
  m_Father: {fileID: 4712234925987380}
  m_RootOrder: 1
  m_LocalEulerAnglesHint: {x: 0, y: 0, z: 0}
--- !u!4 &4712234925987380
Transform:
  m_ObjectHideFlags: 1
  m_PrefabParentObject: {fileID: 0}
  m_PrefabInternal: {fileID: 100100000}
  m_GameObject: {fileID: 1506073480734812}
  m_LocalRotation: {x: 0, y: 0, z: 0, w: 1}
  m_LocalPosition: {x: 0, y: 0, z: 0}
  m_LocalScale: {x: 1, y: 1, z: 1}
  m_Children:
  - {fileID: 4874628358601324}
  - {fileID: 4699589202990920}
  m_Father: {fileID: 4723711147558340}
  m_RootOrder: 0
  m_LocalEulerAnglesHint: {x: 0, y: 0, z: -0.6065674}
--- !u!4 &4723711147558340
Transform:
  m_ObjectHideFlags: 1
  m_PrefabParentObject: {fileID: 0}
  m_PrefabInternal: {fileID: 100100000}
  m_GameObject: {fileID: 1983000691555758}
  m_LocalRotation: {x: 0, y: 0, z: 0, w: 1}
  m_LocalPosition: {x: 0, y: 0.2, z: 0}
  m_LocalScale: {x: 1, y: 1, z: 1}
  m_Children:
  - {fileID: 4712234925987380}
  m_Father: {fileID: 4365556817115670}
  m_RootOrder: 0
  m_LocalEulerAnglesHint: {x: 0, y: 0, z: 0}
--- !u!4 &4874628358601324
Transform:
  m_ObjectHideFlags: 1
  m_PrefabParentObject: {fileID: 0}
  m_PrefabInternal: {fileID: 100100000}
  m_GameObject: {fileID: 1407839222770824}
  m_LocalRotation: {x: -0, y: -0, z: -0, w: 1}
  m_LocalPosition: {x: 0.22000003, y: 0.14200006, z: 0}
  m_LocalScale: {x: 1, y: 1, z: 1}
  m_Children: []
  m_Father: {fileID: 4712234925987380}
  m_RootOrder: 0
  m_LocalEulerAnglesHint: {x: 0, y: 0, z: 0}
--- !u!50 &50183731818342832
Rigidbody2D:
  serializedVersion: 4
  m_ObjectHideFlags: 1
  m_PrefabParentObject: {fileID: 0}
  m_PrefabInternal: {fileID: 100100000}
  m_GameObject: {fileID: 1506073480734812}
  m_BodyType: 0
  m_Simulated: 1
  m_UseFullKinematicContacts: 0
  m_UseAutoMass: 0
  m_Mass: 1.5
  m_LinearDrag: 0
  m_AngularDrag: 0
  m_GravityScale: 0
  m_Material: {fileID: 0}
  m_Interpolate: 0
  m_SleepingMode: 1
  m_CollisionDetection: 0
  m_Constraints: 0
--- !u!61 &61516010370906510
BoxCollider2D:
  m_ObjectHideFlags: 1
  m_PrefabParentObject: {fileID: 0}
  m_PrefabInternal: {fileID: 100100000}
  m_GameObject: {fileID: 1506073480734812}
  m_Enabled: 0
  m_Density: 1
  m_Material: {fileID: 6200000, guid: 8be6341e1ce3f4cec9902bc34f72d20a, type: 2}
  m_IsTrigger: 0
  m_UsedByEffector: 0
  m_UsedByComposite: 0
  m_Offset: {x: 0, y: 0}
  m_SpriteTilingProperty:
    border: {x: 0, y: 0, z: 0, w: 0}
    pivot: {x: 0.5, y: 0.5}
    oldSize: {x: 1.42, y: 1.15}
    newSize: {x: 1, y: 1}
    adaptiveTilingThreshold: 0.5
    drawMode: 0
    adaptiveTiling: 0
  m_AutoTiling: 0
  serializedVersion: 2
  m_Size: {x: 1, y: 1}
  m_EdgeRadius: 0
--- !u!61 &61590006235874014
BoxCollider2D:
  m_ObjectHideFlags: 1
  m_PrefabParentObject: {fileID: 0}
  m_PrefabInternal: {fileID: 100100000}
  m_GameObject: {fileID: 1983000691555758}
  m_Enabled: 1
  m_Density: 1
  m_Material: {fileID: 0}
  m_IsTrigger: 0
  m_UsedByEffector: 0
  m_UsedByComposite: 0
  m_Offset: {x: -0.05589536, y: 0.07558811}
  m_SpriteTilingProperty:
    border: {x: 0, y: 0, z: 0, w: 0}
    pivot: {x: 0, y: 0}
    oldSize: {x: 0, y: 0}
    newSize: {x: 0, y: 0}
    adaptiveTilingThreshold: 0
    drawMode: 0
    adaptiveTiling: 0
  m_AutoTiling: 0
  serializedVersion: 2
  m_Size: {x: 0.7527581, y: 1.4884565}
  m_EdgeRadius: 0
--- !u!95 &95665867012756928
Animator:
  serializedVersion: 3
  m_ObjectHideFlags: 1
  m_PrefabParentObject: {fileID: 0}
  m_PrefabInternal: {fileID: 100100000}
  m_GameObject: {fileID: 1983000691555758}
  m_Enabled: 1
  m_Avatar: {fileID: 0}
  m_Controller: {fileID: 9100000, guid: 8b0f5fe7ec76bc54c96b14f1e4ba04af, type: 2}
  m_CullingMode: 2
  m_UpdateMode: 0
  m_ApplyRootMotion: 0
  m_LinearVelocityBlending: 0
  m_WarningMessage: 
  m_HasTransformHierarchy: 1
  m_AllowConstantClipSamplingOptimization: 1
  m_KeepAnimatorControllerStateOnDisable: 0
--- !u!114 &114007403948203272
MonoBehaviour:
  m_ObjectHideFlags: 1
  m_PrefabParentObject: {fileID: 0}
  m_PrefabInternal: {fileID: 100100000}
  m_GameObject: {fileID: 1506073480734812}
  m_Enabled: 1
  m_EditorHideFlags: 0
  m_Script: {fileID: 11500000, guid: 907993394eae2624e9b30b74babb3f1e, type: 3}
  m_Name: 
  m_EditorClassIdentifier: 
  playerObject: {fileID: 1983000691555758}
  A_playerDead: 0
  sloMoCount: 3
  sloMo: 0
--- !u!114 &114138888683049824
MonoBehaviour:
  m_ObjectHideFlags: 1
  m_PrefabParentObject: {fileID: 0}
  m_PrefabInternal: {fileID: 100100000}
  m_GameObject: {fileID: 1983000691555758}
  m_Enabled: 1
  m_EditorHideFlags: 0
  m_Script: {fileID: 11500000, guid: dd0cf8e71c0e08d48aa4ad9801009580, type: 3}
  m_Name: 
  m_EditorClassIdentifier: 
  animator: {fileID: 0}
  FlameDOT: {fileID: 188538, guid: d13e56cac717cb4458c488038a99f03c, type: 2}
  EnemyFlameDOT: 0
  justBurned: 0
  enemyWounded: 0
  BoneThrow: {fileID: 152550, guid: 025908119259c2d4bbcdc8d55049d681, type: 2}
  WolfBiteEffect: {fileID: 123478, guid: ca16b3e364ddf1b4fba1d3292af9c313, type: 2}
  SkeleWarriorAtkEffect: {fileID: 0}
  SkeleWarriorComboEffect: {fileID: 0}
  SkeleMagicHit: {fileID: 0}
  SpellTypeInt: 0
  PurpleExplosion: {fileID: 0}
  shotSpawn: {fileID: 0}
  damageUIElement: {fileID: 0}
  playerHealthMax: 10
  playerHealthCurrent: 11
  playerHealthNew: 10
  lifeStealValue: 0
  enemyDamage: 0
  enemyRank: 0
  playerDead: 0
  player2Invis: 0
  player2ReturnToVisible: 0
  player2Stun: 0
  lifeSteal: 0
  isShielded: 0
  isHittable: 0
  isBoss: 0
  EnemyStunned: 0
  StunTime: 0
  isFrozen: 0
  WoundTime: 0
  Player2HealthBar: {fileID: 0}
  Player2Torso: {fileID: 0}
  Player2PunchHand: {fileID: 0}
  AutoAtkCollider: {fileID: 0}
  defaultLocation: {x: 0, y: 0, z: 0}
  SpellCreatorObject: {fileID: 0}
  CameraMenu: {fileID: 0}
  playerObj: {fileID: 0}
  shadowObj: {fileID: 0}
  enemyBldColor: {r: 0.7189467, g: 0.25735295, b: 1, a: 1}
  isSkele: 0
  isChest: 0
  bigEnemy: 0
  eggSprite: {fileID: 0}
  ragdollScript: {fileID: 0}
  egg0: {fileID: 0}
  egg1: {fileID: 0}
  egg2: {fileID: 0}
  egg3: {fileID: 0}
--- !u!114 &114950117141533450
MonoBehaviour:
  m_ObjectHideFlags: 1
  m_PrefabParentObject: {fileID: 0}
  m_PrefabInternal: {fileID: 100100000}
  m_GameObject: {fileID: 1983000691555758}
  m_Enabled: 1
  m_EditorHideFlags: 0
  m_Script: {fileID: 11500000, guid: 2c2daef3e49c64548aac6f171865d503, type: 3}
  m_Name: 
  m_EditorClassIdentifier: 
  isBoss: 0
  Head: {fileID: 1506073480734812}
  Torso: {fileID: 1506073480734812}
  Pelvis: {fileID: 0}
  gravityScale: 0.7
  UpperLeftArm: {fileID: 0}
  LowerLeftArm: {fileID: 0}
  LeftHand: {fileID: 0}
  LeftLegUpper: {fileID: 0}
  LeftLegLower: {fileID: 1784396600912608}
  LeftFoot: {fileID: 0}
  UpperRightArm: {fileID: 0}
  LowerRightArm: {fileID: 0}
  RightHand: {fileID: 0}
  RightLegUpper: {fileID: 0}
  RightLegLower: {fileID: 1784396600912608}
  RightFoot: {fileID: 0}
  miscPart1: {fileID: 1407839222770824}
  miscPart2: {fileID: 0}
  miscPart3: {fileID: 0}
  miscPart4: {fileID: 0}
  miscPart5: {fileID: 0}
  miscPart6: {fileID: 0}
  miscPart7: {fileID: 0}
  bodyPartForShadow: {fileID: 0}
  Sword: {fileID: 0}
  Cape: {fileID: 0}
  healthRecordable: 0
  stunCasted: 0
  isDown: 0
  StartCountDown: 0
  elapsedTimeDown: 0
  sloMoTimer: 0
  FlameDOT: {fileID: 0}
  partsList: []
  itemObject: {fileID: 105256, guid: 9429cb018bb4ac2408f22044e4fa58f6, type: 2}
  itemDropped: {fileID: 0}
  moveOffScreenBool: 0
  lerpTimer: 0
  soundManager: {fileID: 0}
  rockExplosion: {fileID: 0}
  VeryLargeExplosion: {fileID: 0}
  ExplosiveForce: {fileID: 179982, guid: d758f04256cf4734591c21b3eb470b3c, type: 2}
  ScreenShaker: {fileID: 0}
  InventoryScript: {fileID: 0}
  goldRewarded: {fileID: 1637292132788186, guid: bf230bb20b220a349896d570a4639fdc,
    type: 2}
  goldRewardedExtra: {fileID: 1374505432741290, guid: 6167ef99e55ad4948b0ac77371044e1e,
    type: 2}
  goldReward: 0
  ControlEnemyScript: {fileID: 0}
  enemyStatsObj: {fileID: 0}
  shadowObj: {fileID: 0}
  CameraMainMenu: {fileID: 0}
  petRewarded: {fileID: 0}
  eventSliderProgressBar: {fileID: 0}
--- !u!212 &212384427569864312
SpriteRenderer:
  m_ObjectHideFlags: 1
  m_PrefabParentObject: {fileID: 0}
  m_PrefabInternal: {fileID: 100100000}
  m_GameObject: {fileID: 1407839222770824}
  m_Enabled: 1
  m_CastShadows: 0
  m_ReceiveShadows: 0
  m_DynamicOccludee: 1
  m_MotionVectors: 1
  m_LightProbeUsage: 1
  m_ReflectionProbeUsage: 1
  m_RenderingLayerMask: 4294967295
  m_Materials:
  - {fileID: 10754, guid: 0000000000000000f000000000000000, type: 0}
  m_StaticBatchInfo:
    firstSubMesh: 0
    subMeshCount: 0
  m_StaticBatchRoot: {fileID: 0}
  m_ProbeAnchor: {fileID: 0}
  m_LightProbeVolumeOverride: {fileID: 0}
  m_ScaleInLightmap: 1
  m_PreserveUVs: 0
  m_IgnoreNormalsForChartDetection: 0
  m_ImportantGI: 0
  m_StitchLightmapSeams: 0
  m_SelectedEditorRenderState: 0
  m_MinimumChartSize: 4
  m_AutoUVMaxDistance: 0.5
  m_AutoUVMaxAngle: 89
  m_LightmapParameters: {fileID: 0}
  m_SortingLayerID: 0
  m_SortingLayer: 0
  m_SortingOrder: 4
  m_Sprite: {fileID: 21300014, guid: f4e8014fbe91d02408fa898df9ba2199, type: 3}
  m_Color: {r: 1, g: 1, b: 1, a: 1}
  m_FlipX: 0
  m_FlipY: 0
  m_DrawMode: 0
  m_Size: {x: 1.69, y: 0.93}
  m_AdaptiveModeThreshold: 0.5
  m_SpriteTileMode: 0
  m_WasSpriteAssigned: 1
  m_MaskInteraction: 0
--- !u!212 &212658418449708494
SpriteRenderer:
  m_ObjectHideFlags: 1
  m_PrefabParentObject: {fileID: 0}
  m_PrefabInternal: {fileID: 100100000}
  m_GameObject: {fileID: 1506073480734812}
  m_Enabled: 1
  m_CastShadows: 0
  m_ReceiveShadows: 0
  m_DynamicOccludee: 1
  m_MotionVectors: 1
  m_LightProbeUsage: 1
  m_ReflectionProbeUsage: 1
  m_RenderingLayerMask: 4294967295
  m_Materials:
  - {fileID: 2100000, guid: 9c75ff2afa63661479fe8333aecf0e85, type: 2}
  m_StaticBatchInfo:
    firstSubMesh: 0
    subMeshCount: 0
  m_StaticBatchRoot: {fileID: 0}
  m_ProbeAnchor: {fileID: 0}
  m_LightProbeVolumeOverride: {fileID: 0}
  m_ScaleInLightmap: 1
  m_PreserveUVs: 0
  m_IgnoreNormalsForChartDetection: 0
  m_ImportantGI: 0
  m_StitchLightmapSeams: 0
  m_SelectedEditorRenderState: 0
  m_MinimumChartSize: 4
  m_AutoUVMaxDistance: 0.5
  m_AutoUVMaxAngle: 89
  m_LightmapParameters: {fileID: 0}
  m_SortingLayerID: 0
  m_SortingLayer: 0
  m_SortingOrder: 3
  m_Sprite: {fileID: 21300018, guid: f4e8014fbe91d02408fa898df9ba2199, type: 3}
  m_Color: {r: 1, g: 1, b: 1, a: 1}
  m_FlipX: 0
  m_FlipY: 0
  m_DrawMode: 0
  m_Size: {x: 1, y: 1}
  m_AdaptiveModeThreshold: 0.5
  m_SpriteTileMode: 0
  m_WasSpriteAssigned: 1
  m_MaskInteraction: 0
--- !u!212 &212760131279031678
SpriteRenderer:
  m_ObjectHideFlags: 1
  m_PrefabParentObject: {fileID: 0}
  m_PrefabInternal: {fileID: 100100000}
  m_GameObject: {fileID: 1784396600912608}
  m_Enabled: 0
  m_CastShadows: 0
  m_ReceiveShadows: 0
  m_DynamicOccludee: 1
  m_MotionVectors: 1
  m_LightProbeUsage: 1
  m_ReflectionProbeUsage: 1
  m_RenderingLayerMask: 4294967295
  m_Materials:
  - {fileID: 2100000, guid: 9c75ff2afa63661479fe8333aecf0e85, type: 2}
  m_StaticBatchInfo:
    firstSubMesh: 0
    subMeshCount: 0
  m_StaticBatchRoot: {fileID: 0}
  m_ProbeAnchor: {fileID: 0}
  m_LightProbeVolumeOverride: {fileID: 0}
  m_ScaleInLightmap: 1
  m_PreserveUVs: 0
  m_IgnoreNormalsForChartDetection: 0
  m_ImportantGI: 0
  m_StitchLightmapSeams: 0
  m_SelectedEditorRenderState: 0
  m_MinimumChartSize: 4
  m_AutoUVMaxDistance: 0.5
  m_AutoUVMaxAngle: 89
  m_LightmapParameters: {fileID: 0}
  m_SortingLayerID: 0
  m_SortingLayer: 0
  m_SortingOrder: 4
  m_Sprite: {fileID: 21300020, guid: f4e8014fbe91d02408fa898df9ba2199, type: 3}
  m_Color: {r: 1, g: 1, b: 1, a: 1}
  m_FlipX: 0
  m_FlipY: 0
  m_DrawMode: 0
  m_Size: {x: 1, y: 1}
  m_AdaptiveModeThreshold: 0.5
  m_SpriteTileMode: 0
  m_WasSpriteAssigned: 1
  m_MaskInteraction: 0
