%YAML 1.1
%TAG !u! tag:unity3d.com,2011:
--- !u!1001 &100100000
Prefab:
  m_ObjectHideFlags: 1
  serializedVersion: 2
  m_Modification:
    m_TransformParent: {fileID: 0}
    m_Modifications: []
    m_RemovedComponents: []
  m_ParentPrefab: {fileID: 0}
  m_RootGameObject: {fileID: 1882554976871200}
  m_IsPrefabParent: 1
--- !u!1 &1043150580167614
GameObject:
  m_ObjectHideFlags: 1
  m_PrefabParentObject: {fileID: 0}
  m_PrefabInternal: {fileID: 100100000}
  serializedVersion: 5
  m_Component:
  - component: {fileID: 4322973221201388}
  - component: {fileID: 212359877355636066}
  - component: {fileID: 50995984073499486}
  - component: {fileID: 61782665175238364}
  - component: {fileID: 233021938894524396}
  - component: {fileID: 114517911817082900}
  m_Layer: 10
  m_Name: LeftLegLower
  m_TagString: Untagged
  m_Icon: {fileID: 0}
  m_NavMeshLayer: 0
  m_StaticEditorFlags: 0
  m_IsActive: 1
--- !u!1 &1131532594149138
GameObject:
  m_ObjectHideFlags: 1
  m_PrefabParentObject: {fileID: 0}
  m_PrefabInternal: {fileID: 100100000}
  serializedVersion: 5
  m_Component:
  - component: {fileID: 4249355975814086}
  - component: {fileID: 212636917820835308}
  - component: {fileID: 114206059345024482}
  m_Layer: 10
  m_Name: RightHand
  m_TagString: Untagged
  m_Icon: {fileID: 0}
  m_NavMeshLayer: 0
  m_StaticEditorFlags: 0
  m_IsActive: 1
--- !u!1 &1300087649608994
GameObject:
  m_ObjectHideFlags: 1
  m_PrefabParentObject: {fileID: 0}
  m_PrefabInternal: {fileID: 100100000}
  serializedVersion: 5
  m_Component:
  - component: {fileID: 4887141388872368}
  - component: {fileID: 212237971127570516}
  - component: {fileID: 50361989690053224}
  - component: {fileID: 233265163652731504}
  - component: {fileID: 61302792246767852}
  - component: {fileID: 114639930183186876}
  m_Layer: 10
  m_Name: RightLegUpper
  m_TagString: Untagged
  m_Icon: {fileID: 0}
  m_NavMeshLayer: 0
  m_StaticEditorFlags: 0
  m_IsActive: 1
--- !u!1 &1318712258944840
GameObject:
  m_ObjectHideFlags: 1
  m_PrefabParentObject: {fileID: 0}
  m_PrefabInternal: {fileID: 100100000}
  serializedVersion: 5
  m_Component:
  - component: {fileID: 4231243811436092}
  - component: {fileID: 212185023307213640}
  m_Layer: 10
  m_Name: Headress
  m_TagString: Untagged
  m_Icon: {fileID: 0}
  m_NavMeshLayer: 0
  m_StaticEditorFlags: 0
  m_IsActive: 1
--- !u!1 &1468345356170668
GameObject:
  m_ObjectHideFlags: 1
  m_PrefabParentObject: {fileID: 0}
  m_PrefabInternal: {fileID: 100100000}
  serializedVersion: 5
  m_Component:
  - component: {fileID: 4847760740850406}
  - component: {fileID: 212945133130792938}
  - component: {fileID: 50112913194525596}
  - component: {fileID: 61247809404735130}
  - component: {fileID: 233884220586479020}
  m_Layer: 10
  m_Name: UpperRightArm
  m_TagString: Untagged
  m_Icon: {fileID: 0}
  m_NavMeshLayer: 0
  m_StaticEditorFlags: 0
  m_IsActive: 1
--- !u!1 &1501348983222238
GameObject:
  m_ObjectHideFlags: 1
  m_PrefabParentObject: {fileID: 0}
  m_PrefabInternal: {fileID: 100100000}
  serializedVersion: 5
  m_Component:
  - component: {fileID: 4234122995955330}
  - component: {fileID: 212842201094804366}
  m_Layer: 10
  m_Name: Necklace
  m_TagString: Untagged
  m_Icon: {fileID: 0}
  m_NavMeshLayer: 0
  m_StaticEditorFlags: 0
  m_IsActive: 1
--- !u!1 &1595326446949142
GameObject:
  m_ObjectHideFlags: 1
  m_PrefabParentObject: {fileID: 0}
  m_PrefabInternal: {fileID: 100100000}
  serializedVersion: 5
  m_Component:
  - component: {fileID: 4227128734244954}
  - component: {fileID: 212739219162215662}
  m_Layer: 10
  m_Name: cloth
  m_TagString: Untagged
  m_Icon: {fileID: 0}
  m_NavMeshLayer: 0
  m_StaticEditorFlags: 0
  m_IsActive: 1
--- !u!1 &1605232479533856
GameObject:
  m_ObjectHideFlags: 1
  m_PrefabParentObject: {fileID: 0}
  m_PrefabInternal: {fileID: 100100000}
  serializedVersion: 5
  m_Component:
  - component: {fileID: 4572858470186122}
  - component: {fileID: 212078947933126436}
  - component: {fileID: 50530600190987988}
  - component: {fileID: 61073484252622762}
  - component: {fileID: 233456769485765690}
  - component: {fileID: 114287699838027454}
  m_Layer: 10
  m_Name: RightLegLower
  m_TagString: Untagged
  m_Icon: {fileID: 0}
  m_NavMeshLayer: 0
  m_StaticEditorFlags: 0
  m_IsActive: 1
--- !u!1 &1622986851680518
GameObject:
  m_ObjectHideFlags: 1
  m_PrefabParentObject: {fileID: 0}
  m_PrefabInternal: {fileID: 100100000}
  serializedVersion: 5
  m_Component:
  - component: {fileID: 4113196601845750}
  - component: {fileID: 212686758408487550}
  - component: {fileID: 50412449055691322}
  - component: {fileID: 61158518419704684}
  - component: {fileID: 233514497369531322}
  m_Layer: 10
  m_Name: LowerRightArm
  m_TagString: Untagged
  m_Icon: {fileID: 0}
  m_NavMeshLayer: 0
  m_StaticEditorFlags: 0
  m_IsActive: 1
--- !u!1 &1632894418223484
GameObject:
  m_ObjectHideFlags: 1
  m_PrefabParentObject: {fileID: 0}
  m_PrefabInternal: {fileID: 100100000}
  serializedVersion: 5
  m_Component:
  - component: {fileID: 4099385709261860}
  - component: {fileID: 212995007102004048}
  - component: {fileID: 50915370709876848}
  - component: {fileID: 233799131639132482}
  - component: {fileID: 61356043950768366}
  - component: {fileID: 114177902646738450}
  m_Layer: 10
  m_Name: Torso
  m_TagString: Untagged
  m_Icon: {fileID: 0}
  m_NavMeshLayer: 0
  m_StaticEditorFlags: 0
  m_IsActive: 1
--- !u!1 &1651543608843786
GameObject:
  m_ObjectHideFlags: 1
  m_PrefabParentObject: {fileID: 0}
  m_PrefabInternal: {fileID: 100100000}
  serializedVersion: 5
  m_Component:
  - component: {fileID: 4650652803454028}
  - component: {fileID: 212737173525691552}
  - component: {fileID: 114196348920014206}
  - component: {fileID: 65723687099046786}
  m_Layer: 10
  m_Name: LeftHand
  m_TagString: Untagged
  m_Icon: {fileID: 0}
  m_NavMeshLayer: 0
  m_StaticEditorFlags: 0
  m_IsActive: 1
--- !u!1 &1741904165256858
GameObject:
  m_ObjectHideFlags: 1
  m_PrefabParentObject: {fileID: 0}
  m_PrefabInternal: {fileID: 100100000}
  serializedVersion: 5
  m_Component:
  - component: {fileID: 4088209755518580}
  - component: {fileID: 212157562064390026}
  m_Layer: 10
  m_Name: LeftFoot
  m_TagString: Untagged
  m_Icon: {fileID: 0}
  m_NavMeshLayer: 0
  m_StaticEditorFlags: 0
  m_IsActive: 0
--- !u!1 &1767961042769350
GameObject:
  m_ObjectHideFlags: 1
  m_PrefabParentObject: {fileID: 0}
  m_PrefabInternal: {fileID: 100100000}
  serializedVersion: 5
  m_Component:
  - component: {fileID: 4001089975361406}
  - component: {fileID: 212978574506813310}
  - component: {fileID: 50530964128909590}
  - component: {fileID: 61383389487926912}
  - component: {fileID: 233012184760437602}
  m_Layer: 10
  m_Name: LowerLeftArm
  m_TagString: Untagged
  m_Icon: {fileID: 0}
  m_NavMeshLayer: 0
  m_StaticEditorFlags: 0
  m_IsActive: 1
--- !u!1 &1784465956925170
GameObject:
  m_ObjectHideFlags: 1
  m_PrefabParentObject: {fileID: 0}
  m_PrefabInternal: {fileID: 100100000}
  serializedVersion: 5
  m_Component:
  - component: {fileID: 4808200545341562}
  - component: {fileID: 212051095284976446}
  - component: {fileID: 50285037151531092}
  - component: {fileID: 233651511614125478}
  - component: {fileID: 61525197981850862}
  m_Layer: 10
  m_Name: UpperLeftArm
  m_TagString: Untagged
  m_Icon: {fileID: 0}
  m_NavMeshLayer: 0
  m_StaticEditorFlags: 0
  m_IsActive: 1
--- !u!1 &1871204330816808
GameObject:
  m_ObjectHideFlags: 0
  m_PrefabParentObject: {fileID: 0}
  m_PrefabInternal: {fileID: 100100000}
  serializedVersion: 5
  m_Component:
  - component: {fileID: 4010938628467462}
  - component: {fileID: 61868676409430870}
  - component: {fileID: 95934194898235984}
  - component: {fileID: 114547104744964586}
  - component: {fileID: 114574781449251212}
  - component: {fileID: 114223201008362840}
  m_Layer: 10
  m_Name: Reptillian
  m_TagString: Enemy
  m_Icon: {fileID: 0}
  m_NavMeshLayer: 0
  m_StaticEditorFlags: 0
  m_IsActive: 1
--- !u!1 &1882554976871200
GameObject:
  m_ObjectHideFlags: 0
  m_PrefabParentObject: {fileID: 0}
  m_PrefabInternal: {fileID: 100100000}
  serializedVersion: 5
  m_Component:
  - component: {fileID: 4544668014871110}
  m_Layer: 10
  m_Name: ReptileShamanHolder
  m_TagString: Enemy
  m_Icon: {fileID: 0}
  m_NavMeshLayer: 0
  m_StaticEditorFlags: 0
  m_IsActive: 1
--- !u!1 &1912533553015740
GameObject:
  m_ObjectHideFlags: 1
  m_PrefabParentObject: {fileID: 0}
  m_PrefabInternal: {fileID: 100100000}
  serializedVersion: 5
  m_Component:
  - component: {fileID: 4385171904627788}
  - component: {fileID: 212827484245409358}
  m_Layer: 10
  m_Name: LowerJaw
  m_TagString: Untagged
  m_Icon: {fileID: 0}
  m_NavMeshLayer: 0
  m_StaticEditorFlags: 0
  m_IsActive: 1
--- !u!1 &1914041666684326
GameObject:
  m_ObjectHideFlags: 1
  m_PrefabParentObject: {fileID: 0}
  m_PrefabInternal: {fileID: 100100000}
  serializedVersion: 5
  m_Component:
  - component: {fileID: 4616704072600026}
  - component: {fileID: 212911083165280636}
  - component: {fileID: 50179058242559132}
  - component: {fileID: 233277806031960980}
  - component: {fileID: 61596376424496566}
  - component: {fileID: 114114648992237860}
  m_Layer: 10
  m_Name: LeftLegUpper
  m_TagString: Untagged
  m_Icon: {fileID: 0}
  m_NavMeshLayer: 0
  m_StaticEditorFlags: 0
  m_IsActive: 1
--- !u!1 &1955009796812656
GameObject:
  m_ObjectHideFlags: 1
  m_PrefabParentObject: {fileID: 0}
  m_PrefabInternal: {fileID: 100100000}
  serializedVersion: 5
  m_Component:
  - component: {fileID: 4489114530121462}
  - component: {fileID: 212697097552754404}
  - component: {fileID: 50619643853929714}
  - component: {fileID: 233480884250179208}
  - component: {fileID: 114726136552134336}
  - component: {fileID: 61537373203378880}
  m_Layer: 10
  m_Name: Head
  m_TagString: Untagged
  m_Icon: {fileID: 0}
  m_NavMeshLayer: 0
  m_StaticEditorFlags: 0
  m_IsActive: 1
--- !u!1 &1969941952273844
GameObject:
  m_ObjectHideFlags: 1
  m_PrefabParentObject: {fileID: 0}
  m_PrefabInternal: {fileID: 100100000}
  serializedVersion: 5
  m_Component:
  - component: {fileID: 4795704532105942}
  - component: {fileID: 212049467462179028}
  m_Layer: 10
  m_Name: RightFoot
  m_TagString: Untagged
  m_Icon: {fileID: 0}
  m_NavMeshLayer: 0
  m_StaticEditorFlags: 0
  m_IsActive: 0
--- !u!1 &1994614606094076
GameObject:
  m_ObjectHideFlags: 1
  m_PrefabParentObject: {fileID: 0}
  m_PrefabInternal: {fileID: 100100000}
  serializedVersion: 5
  m_Component:
  - component: {fileID: 4900228016064918}
  - component: {fileID: 212780786050460664}
  m_Layer: 10
  m_Name: Pelvis
  m_TagString: Untagged
  m_Icon: {fileID: 0}
  m_NavMeshLayer: 0
  m_StaticEditorFlags: 0
  m_IsActive: 1
--- !u!4 &4001089975361406
Transform:
  m_ObjectHideFlags: 1
  m_PrefabParentObject: {fileID: 0}
  m_PrefabInternal: {fileID: 100100000}
  m_GameObject: {fileID: 1767961042769350}
  m_LocalRotation: {x: 0.000000013708215, y: -0.0000001368395, z: -0.23595007, w: 0.9717652}
  m_LocalPosition: {x: -0.062, y: -0.847, z: 0}
  m_LocalScale: {x: 1, y: 1, z: 1}
  m_Children:
  - {fileID: 4650652803454028}
  m_Father: {fileID: 4808200545341562}
  m_RootOrder: 0
  m_LocalEulerAnglesHint: {x: 360, y: 360, z: 332.705}
--- !u!4 &4010938628467462
Transform:
  m_ObjectHideFlags: 1
  m_PrefabParentObject: {fileID: 0}
  m_PrefabInternal: {fileID: 100100000}
  m_GameObject: {fileID: 1871204330816808}
  m_LocalRotation: {x: 0, y: 0, z: 0, w: 1}
  m_LocalPosition: {x: 0, y: 0.58, z: 0}
  m_LocalScale: {x: 1, y: 1, z: 1}
  m_Children:
  - {fileID: 4489114530121462}
  - {fileID: 4808200545341562}
  - {fileID: 4099385709261860}
  - {fileID: 4847760740850406}
  - {fileID: 4887141388872368}
  - {fileID: 4572858470186122}
  - {fileID: 4616704072600026}
  - {fileID: 4322973221201388}
  m_Father: {fileID: 4544668014871110}
  m_RootOrder: 0
  m_LocalEulerAnglesHint: {x: 0, y: 0, z: 0}
--- !u!4 &4088209755518580
Transform:
  m_ObjectHideFlags: 1
  m_PrefabParentObject: {fileID: 0}
  m_PrefabInternal: {fileID: 100100000}
  m_GameObject: {fileID: 1741904165256858}
  m_LocalRotation: {x: 0.0013511704, y: -0.0055892556, z: 0.068086065, w: 0.9976629}
  m_LocalPosition: {x: 0.03, y: -0.85, z: 0.001}
  m_LocalScale: {x: 0.8, y: 0.8, z: 1}
  m_Children: []
  m_Father: {fileID: 4322973221201388}
  m_RootOrder: 0
  m_LocalEulerAnglesHint: {x: 359.26404, y: 359.67786, z: 321.6805}
--- !u!4 &4099385709261860
Transform:
  m_ObjectHideFlags: 1
  m_PrefabParentObject: {fileID: 0}
  m_PrefabInternal: {fileID: 100100000}
  m_GameObject: {fileID: 1632894418223484}
  m_LocalRotation: {x: 0.000000020073866, y: 7.061374e-11, z: 0.0828295, w: 0.99656373}
  m_LocalPosition: {x: -0.1149998, y: 0.6540004, z: -0.00000000870558}
  m_LocalScale: {x: 1, y: 1, z: 1}
  m_Children:
  - {fileID: 4234122995955330}
  - {fileID: 4900228016064918}
  - {fileID: 4227128734244954}
  m_Father: {fileID: 4010938628467462}
  m_RootOrder: 2
  m_LocalEulerAnglesHint: {x: 0, y: 0, z: 9.502001}
--- !u!4 &4113196601845750
Transform:
  m_ObjectHideFlags: 1
  m_PrefabParentObject: {fileID: 0}
  m_PrefabInternal: {fileID: 100100000}
  m_GameObject: {fileID: 1622986851680518}
  m_LocalRotation: {x: 0.000000110615716, y: 0.000000089647145, z: 0.24736567, w: 0.9689222}
  m_LocalPosition: {x: -0.038003623, y: -0.83406544, z: 0.0000003277837}
  m_LocalScale: {x: 1.0000001, y: 1, z: 1}
  m_Children:
  - {fileID: 4249355975814086}
  m_Father: {fileID: 4847760740850406}
  m_RootOrder: 0
  m_LocalEulerAnglesHint: {x: 0, y: 0, z: 388.643}
--- !u!4 &4227128734244954
Transform:
  m_ObjectHideFlags: 1
  m_PrefabParentObject: {fileID: 0}
  m_PrefabInternal: {fileID: 100100000}
  m_GameObject: {fileID: 1595326446949142}
  m_LocalRotation: {x: 2.6937816e-10, y: 1.6622558e-12, z: 0.001141855, w: -0.99999934}
  m_LocalPosition: {x: 0.257, y: -0.861, z: 0}
  m_LocalScale: {x: 1.0000001, y: 1, z: 1.0000002}
  m_Children: []
  m_Father: {fileID: 4099385709261860}
  m_RootOrder: 2
  m_LocalEulerAnglesHint: {x: 0, y: 0, z: -0.13100001}
--- !u!4 &4231243811436092
Transform:
  m_ObjectHideFlags: 1
  m_PrefabParentObject: {fileID: 0}
  m_PrefabInternal: {fileID: 100100000}
  m_GameObject: {fileID: 1318712258944840}
  m_LocalRotation: {x: 0.00000002543002, y: 3.1519676e-11, z: 0.10779139, w: 0.9941735}
  m_LocalPosition: {x: 0.163, y: 0.267, z: 0}
  m_LocalScale: {x: 1.0000001, y: 1.0000001, z: 1}
  m_Children: []
  m_Father: {fileID: 4489114530121462}
  m_RootOrder: 1
  m_LocalEulerAnglesHint: {x: 0, y: 0, z: 12.376}
--- !u!4 &4234122995955330
Transform:
  m_ObjectHideFlags: 1
  m_PrefabParentObject: {fileID: 0}
  m_PrefabInternal: {fileID: 100100000}
  m_GameObject: {fileID: 1501348983222238}
  m_LocalRotation: {x: 0.0000000053807283, y: 1.8643113e-11, z: 0.02507409, w: 0.9996856}
  m_LocalPosition: {x: -0.35307413, y: 0.31359085, z: 0}
  m_LocalScale: {x: 1, y: 1, z: 1}
  m_Children: []
  m_Father: {fileID: 4099385709261860}
  m_RootOrder: 0
  m_LocalEulerAnglesHint: {x: 0, y: 0, z: 12.376}
--- !u!4 &4249355975814086
Transform:
  m_ObjectHideFlags: 1
  m_PrefabParentObject: {fileID: 0}
  m_PrefabInternal: {fileID: 100100000}
  m_GameObject: {fileID: 1131532594149138}
  m_LocalRotation: {x: -0.000000007799787, y: -0.000000018954697, z: 0.041265555,
    w: 0.99914825}
  m_LocalPosition: {x: -0.56805676, y: 0.17494388, z: 0.0000001895859}
  m_LocalScale: {x: 1, y: 1, z: 1}
  m_Children: []
  m_Father: {fileID: 4113196601845750}
  m_RootOrder: 0
  m_LocalEulerAnglesHint: {x: 360, y: 360, z: 4.73}
--- !u!4 &4322973221201388
Transform:
  m_ObjectHideFlags: 1
  m_PrefabParentObject: {fileID: 0}
  m_PrefabInternal: {fileID: 100100000}
  m_GameObject: {fileID: 1043150580167614}
  m_LocalRotation: {x: 0, y: 0, z: 0, w: 1}
  m_LocalPosition: {x: 0.14, y: -0.557, z: 0}
  m_LocalScale: {x: 1, y: 1, z: 1}
  m_Children:
  - {fileID: 4088209755518580}
  m_Father: {fileID: 4010938628467462}
  m_RootOrder: 7
  m_LocalEulerAnglesHint: {x: 360.12122, y: 359.38373, z: 379.4355}
--- !u!4 &4385171904627788
Transform:
  m_ObjectHideFlags: 1
  m_PrefabParentObject: {fileID: 0}
  m_PrefabInternal: {fileID: 100100000}
  m_GameObject: {fileID: 1912533553015740}
  m_LocalRotation: {x: 0.000000025430023, y: 3.1519676e-11, z: 0.107791394, w: 0.9941735}
  m_LocalPosition: {x: -0.000000461936, y: 0.00000011920929, z: -0.0000000091446}
  m_LocalScale: {x: 1, y: 1, z: 1}
  m_Children: []
  m_Father: {fileID: 4489114530121462}
  m_RootOrder: 0
  m_LocalEulerAnglesHint: {x: 0, y: 0, z: 12.376}
--- !u!4 &4489114530121462
Transform:
  m_ObjectHideFlags: 1
  m_PrefabParentObject: {fileID: 0}
  m_PrefabInternal: {fileID: 100100000}
  m_GameObject: {fileID: 1955009796812656}
  m_LocalRotation: {x: 0, y: 0, z: 0, w: 1}
  m_LocalPosition: {x: -0.564, y: 1.044, z: -0}
  m_LocalScale: {x: 1, y: 1, z: 1}
  m_Children:
  - {fileID: 4385171904627788}
  - {fileID: 4231243811436092}
  m_Father: {fileID: 4010938628467462}
  m_RootOrder: 0
  m_LocalEulerAnglesHint: {x: 0.000014417164, y: 0, z: -19.963644}
--- !u!4 &4544668014871110
Transform:
  m_ObjectHideFlags: 1
  m_PrefabParentObject: {fileID: 0}
  m_PrefabInternal: {fileID: 100100000}
  m_GameObject: {fileID: 1882554976871200}
  m_LocalRotation: {x: 0, y: 0, z: 0.0002617804, w: 1}
  m_LocalPosition: {x: 7.477957, y: -3.2722223, z: 89}
  m_LocalScale: {x: 0.7, y: 0.7, z: 1}
  m_Children:
  - {fileID: 4010938628467462}
  m_Father: {fileID: 0}
  m_RootOrder: 0
  m_LocalEulerAnglesHint: {x: 0, y: 0, z: 0.03}
--- !u!4 &4572858470186122
Transform:
  m_ObjectHideFlags: 1
  m_PrefabParentObject: {fileID: 0}
  m_PrefabInternal: {fileID: 100100000}
  m_GameObject: {fileID: 1605232479533856}
  m_LocalRotation: {x: 0, y: 0, z: 0, w: 1}
  m_LocalPosition: {x: -0.513, y: -0.398, z: 0}
  m_LocalScale: {x: 1, y: 1, z: 1}
  m_Children:
  - {fileID: 4795704532105942}
  m_Father: {fileID: 4010938628467462}
  m_RootOrder: 5
  m_LocalEulerAnglesHint: {x: 0, y: 0, z: 353.35217}
--- !u!4 &4616704072600026
Transform:
  m_ObjectHideFlags: 1
  m_PrefabParentObject: {fileID: 0}
  m_PrefabInternal: {fileID: 100100000}
  m_GameObject: {fileID: 1914041666684326}
  m_LocalRotation: {x: 0, y: 0, z: 0, w: 1}
  m_LocalPosition: {x: 0.421, y: 0.081, z: 0}
  m_LocalScale: {x: 1, y: 1, z: 1}
  m_Children: []
  m_Father: {fileID: 4010938628467462}
  m_RootOrder: 6
  m_LocalEulerAnglesHint: {x: 359.42334, y: 360.24915, z: -28.00232}
--- !u!4 &4650652803454028
Transform:
  m_ObjectHideFlags: 1
  m_PrefabParentObject: {fileID: 0}
  m_PrefabInternal: {fileID: 100100000}
  m_GameObject: {fileID: 1651543608843786}
  m_LocalRotation: {x: 0.00000003842434, y: 0.00000003847066, z: 0.16286442, w: -0.9866485}
  m_LocalPosition: {x: -0.67800015, y: -0.15700004, z: -0.001998583}
  m_LocalScale: {x: 1, y: 1, z: 1}
  m_Children: []
  m_Father: {fileID: 4001089975361406}
  m_RootOrder: 0
  m_LocalEulerAnglesHint: {x: 0, y: 0, z: -18.746}
--- !u!4 &4795704532105942
Transform:
  m_ObjectHideFlags: 1
  m_PrefabParentObject: {fileID: 0}
  m_PrefabInternal: {fileID: 100100000}
  m_GameObject: {fileID: 1969941952273844}
  m_LocalRotation: {x: 0, y: 0, z: 0.058955885, w: 0.9982606}
  m_LocalPosition: {x: 0.037, y: -0.815, z: 0}
  m_LocalScale: {x: 0.8, y: 0.8, z: 1}
  m_Children: []
  m_Father: {fileID: 4572858470186122}
  m_RootOrder: 0
  m_LocalEulerAnglesHint: {x: 0.000015258789, y: 0, z: -17.92987}
--- !u!4 &4808200545341562
Transform:
  m_ObjectHideFlags: 1
  m_PrefabParentObject: {fileID: 0}
  m_PrefabInternal: {fileID: 100100000}
  m_GameObject: {fileID: 1784465956925170}
  m_LocalRotation: {x: 0.00000007317311, y: 0.0000000063588423, z: 0.39128652, w: 0.9202689}
  m_LocalPosition: {x: -0.026, y: 1.213, z: 0}
  m_LocalScale: {x: 1, y: 1, z: 1}
  m_Children:
  - {fileID: 4001089975361406}
  m_Father: {fileID: 4010938628467462}
  m_RootOrder: 1
  m_LocalEulerAnglesHint: {x: 0, y: 0, z: 46.069004}
--- !u!4 &4847760740850406
Transform:
  m_ObjectHideFlags: 1
  m_PrefabParentObject: {fileID: 0}
  m_PrefabInternal: {fileID: 100100000}
  m_GameObject: {fileID: 1468345356170668}
  m_LocalRotation: {x: -0.00000013811756, y: 0.00000025454358, z: 0.20071998, w: -0.97964865}
  m_LocalPosition: {x: -0.23500007, y: 0.90299994, z: 0}
  m_LocalScale: {x: 1, y: 1, z: 1}
  m_Children:
  - {fileID: 4113196601845750}
  m_Father: {fileID: 4010938628467462}
  m_RootOrder: 3
  m_LocalEulerAnglesHint: {x: 0, y: 0, z: -23.158}
--- !u!4 &4887141388872368
Transform:
  m_ObjectHideFlags: 1
  m_PrefabParentObject: {fileID: 0}
  m_PrefabInternal: {fileID: 100100000}
  m_GameObject: {fileID: 1300087649608994}
  m_LocalRotation: {x: 0, y: 0, z: 0, w: 1}
  m_LocalPosition: {x: 0.028, y: 0.032, z: 0}
  m_LocalScale: {x: 1, y: 1, z: 1}
  m_Children: []
  m_Father: {fileID: 4010938628467462}
  m_RootOrder: 4
  m_LocalEulerAnglesHint: {x: 0.000030517578, y: -0.000015258789, z: -41.115723}
--- !u!4 &4900228016064918
Transform:
  m_ObjectHideFlags: 1
  m_PrefabParentObject: {fileID: 0}
  m_PrefabInternal: {fileID: 100100000}
  m_GameObject: {fileID: 1994614606094076}
  m_LocalRotation: {x: 0.00000003652584, y: 2.1102481e-10, z: 0.15482597, w: 0.9879418}
  m_LocalPosition: {x: 0.39, y: -0.718, z: 0}
  m_LocalScale: {x: 1, y: 1, z: 1}
  m_Children: []
  m_Father: {fileID: 4099385709261860}
  m_RootOrder: 1
  m_LocalEulerAnglesHint: {x: 0, y: 0, z: 17.813002}
--- !u!50 &50112913194525596
Rigidbody2D:
  serializedVersion: 4
  m_ObjectHideFlags: 1
  m_PrefabParentObject: {fileID: 0}
  m_PrefabInternal: {fileID: 100100000}
  m_GameObject: {fileID: 1468345356170668}
  m_BodyType: 0
  m_Simulated: 1
  m_UseFullKinematicContacts: 0
  m_UseAutoMass: 0
  m_Mass: 0.8
  m_LinearDrag: 0
  m_AngularDrag: 0
  m_GravityScale: 0
  m_Material: {fileID: 0}
  m_Interpolate: 0
  m_SleepingMode: 1
  m_CollisionDetection: 0
  m_Constraints: 0
--- !u!50 &50179058242559132
Rigidbody2D:
  serializedVersion: 4
  m_ObjectHideFlags: 1
  m_PrefabParentObject: {fileID: 0}
  m_PrefabInternal: {fileID: 100100000}
  m_GameObject: {fileID: 1914041666684326}
  m_BodyType: 0
  m_Simulated: 1
  m_UseFullKinematicContacts: 0
  m_UseAutoMass: 0
  m_Mass: 0.8
  m_LinearDrag: 0
  m_AngularDrag: 0
  m_GravityScale: 0
  m_Material: {fileID: 0}
  m_Interpolate: 0
  m_SleepingMode: 1
  m_CollisionDetection: 0
  m_Constraints: 0
--- !u!50 &50285037151531092
Rigidbody2D:
  serializedVersion: 4
  m_ObjectHideFlags: 1
  m_PrefabParentObject: {fileID: 0}
  m_PrefabInternal: {fileID: 100100000}
  m_GameObject: {fileID: 1784465956925170}
  m_BodyType: 0
  m_Simulated: 1
  m_UseFullKinematicContacts: 0
  m_UseAutoMass: 0
  m_Mass: 0.8
  m_LinearDrag: 0
  m_AngularDrag: 0
  m_GravityScale: 0
  m_Material: {fileID: 0}
  m_Interpolate: 0
  m_SleepingMode: 1
  m_CollisionDetection: 0
  m_Constraints: 0
--- !u!50 &50361989690053224
Rigidbody2D:
  serializedVersion: 4
  m_ObjectHideFlags: 1
  m_PrefabParentObject: {fileID: 0}
  m_PrefabInternal: {fileID: 100100000}
  m_GameObject: {fileID: 1300087649608994}
  m_BodyType: 0
  m_Simulated: 1
  m_UseFullKinematicContacts: 0
  m_UseAutoMass: 0
  m_Mass: 0.8
  m_LinearDrag: 0
  m_AngularDrag: 0
  m_GravityScale: 0
  m_Material: {fileID: 0}
  m_Interpolate: 0
  m_SleepingMode: 1
  m_CollisionDetection: 0
  m_Constraints: 0
--- !u!50 &50412449055691322
Rigidbody2D:
  serializedVersion: 4
  m_ObjectHideFlags: 1
  m_PrefabParentObject: {fileID: 0}
  m_PrefabInternal: {fileID: 100100000}
  m_GameObject: {fileID: 1622986851680518}
  m_BodyType: 0
  m_Simulated: 1
  m_UseFullKinematicContacts: 0
  m_UseAutoMass: 0
  m_Mass: 0.1
  m_LinearDrag: 0
  m_AngularDrag: 0
  m_GravityScale: 0
  m_Material: {fileID: 0}
  m_Interpolate: 0
  m_SleepingMode: 1
  m_CollisionDetection: 0
  m_Constraints: 0
--- !u!50 &50530600190987988
Rigidbody2D:
  serializedVersion: 4
  m_ObjectHideFlags: 1
  m_PrefabParentObject: {fileID: 0}
  m_PrefabInternal: {fileID: 100100000}
  m_GameObject: {fileID: 1605232479533856}
  m_BodyType: 0
  m_Simulated: 1
  m_UseFullKinematicContacts: 0
  m_UseAutoMass: 0
  m_Mass: 0.8
  m_LinearDrag: 0
  m_AngularDrag: 0
  m_GravityScale: 0
  m_Material: {fileID: 0}
  m_Interpolate: 0
  m_SleepingMode: 1
  m_CollisionDetection: 0
  m_Constraints: 0
--- !u!50 &50530964128909590
Rigidbody2D:
  serializedVersion: 4
  m_ObjectHideFlags: 1
  m_PrefabParentObject: {fileID: 0}
  m_PrefabInternal: {fileID: 100100000}
  m_GameObject: {fileID: 1767961042769350}
  m_BodyType: 0
  m_Simulated: 1
  m_UseFullKinematicContacts: 0
  m_UseAutoMass: 0
  m_Mass: 0.1
  m_LinearDrag: 0
  m_AngularDrag: 0
  m_GravityScale: 0
  m_Material: {fileID: 0}
  m_Interpolate: 0
  m_SleepingMode: 1
  m_CollisionDetection: 0
  m_Constraints: 0
--- !u!50 &50619643853929714
Rigidbody2D:
  serializedVersion: 4
  m_ObjectHideFlags: 1
  m_PrefabParentObject: {fileID: 0}
  m_PrefabInternal: {fileID: 100100000}
  m_GameObject: {fileID: 1955009796812656}
  m_BodyType: 0
  m_Simulated: 1
  m_UseFullKinematicContacts: 0
  m_UseAutoMass: 0
  m_Mass: 0.8
  m_LinearDrag: 0
  m_AngularDrag: 0
  m_GravityScale: 0
  m_Material: {fileID: 0}
  m_Interpolate: 0
  m_SleepingMode: 1
  m_CollisionDetection: 0
  m_Constraints: 0
--- !u!50 &50915370709876848
Rigidbody2D:
  serializedVersion: 4
  m_ObjectHideFlags: 1
  m_PrefabParentObject: {fileID: 0}
  m_PrefabInternal: {fileID: 100100000}
  m_GameObject: {fileID: 1632894418223484}
  m_BodyType: 0
  m_Simulated: 1
  m_UseFullKinematicContacts: 0
  m_UseAutoMass: 0
  m_Mass: 0.8
  m_LinearDrag: 0
  m_AngularDrag: 0
  m_GravityScale: 0
  m_Material: {fileID: 0}
  m_Interpolate: 0
  m_SleepingMode: 1
  m_CollisionDetection: 1
  m_Constraints: 0
--- !u!50 &50995984073499486
Rigidbody2D:
  serializedVersion: 4
  m_ObjectHideFlags: 1
  m_PrefabParentObject: {fileID: 0}
  m_PrefabInternal: {fileID: 100100000}
  m_GameObject: {fileID: 1043150580167614}
  m_BodyType: 0
  m_Simulated: 1
  m_UseFullKinematicContacts: 0
  m_UseAutoMass: 0
  m_Mass: 0.8
  m_LinearDrag: 0
  m_AngularDrag: 0
  m_GravityScale: 0
  m_Material: {fileID: 0}
  m_Interpolate: 0
  m_SleepingMode: 1
  m_CollisionDetection: 0
  m_Constraints: 0
--- !u!61 &61073484252622762
BoxCollider2D:
  m_ObjectHideFlags: 1
  m_PrefabParentObject: {fileID: 0}
  m_PrefabInternal: {fileID: 100100000}
  m_GameObject: {fileID: 1605232479533856}
  m_Enabled: 0
  m_Density: 1
  m_Material: {fileID: 6200000, guid: 8be6341e1ce3f4cec9902bc34f72d20a, type: 2}
  m_IsTrigger: 0
  m_UsedByEffector: 0
  m_UsedByComposite: 0
  m_Offset: {x: 0.0029185135, y: -0.08393696}
  m_SpriteTilingProperty:
    border: {x: 0, y: 0, z: 0, w: 0}
    pivot: {x: 0.5632818, y: 0.8445101}
    oldSize: {x: 0.73, y: 0.59}
    newSize: {x: 1, y: 1}
    adaptiveTilingThreshold: 0.5
    drawMode: 0
    adaptiveTiling: 0
  m_AutoTiling: 0
  serializedVersion: 2
  m_Size: {x: 0.2, y: 0.2}
  m_EdgeRadius: 0
--- !u!61 &61158518419704684
BoxCollider2D:
  m_ObjectHideFlags: 1
  m_PrefabParentObject: {fileID: 0}
  m_PrefabInternal: {fileID: 100100000}
  m_GameObject: {fileID: 1622986851680518}
  m_Enabled: 0
  m_Density: 1
  m_Material: {fileID: 6200000, guid: 8be6341e1ce3f4cec9902bc34f72d20a, type: 2}
  m_IsTrigger: 0
  m_UsedByEffector: 0
  m_UsedByComposite: 0
  m_Offset: {x: 0.039434955, y: -0.06582503}
  m_SpriteTilingProperty:
    border: {x: 0, y: 0, z: 0, w: 0}
    pivot: {x: 0.8226362, y: 0.3252052}
    oldSize: {x: 0.63, y: 0.37}
    newSize: {x: 1, y: 1}
    adaptiveTilingThreshold: 0.5
    drawMode: 0
    adaptiveTiling: 0
  m_AutoTiling: 0
  serializedVersion: 2
  m_Size: {x: 0.0001, y: 0.0001}
  m_EdgeRadius: 0
--- !u!61 &61247809404735130
BoxCollider2D:
  m_ObjectHideFlags: 1
  m_PrefabParentObject: {fileID: 0}
  m_PrefabInternal: {fileID: 100100000}
  m_GameObject: {fileID: 1468345356170668}
  m_Enabled: 0
  m_Density: 1
  m_Material: {fileID: 6200000, guid: 8be6341e1ce3f4cec9902bc34f72d20a, type: 2}
  m_IsTrigger: 0
  m_UsedByEffector: 0
  m_UsedByComposite: 0
  m_Offset: {x: -0.043908432, y: -0.13164575}
  m_SpriteTilingProperty:
    border: {x: 0, y: 0, z: 0, w: 0}
    pivot: {x: 0.5, y: 0.864479}
    oldSize: {x: 0.47, y: 1.09}
    newSize: {x: 1, y: 1}
    adaptiveTilingThreshold: 0.5
    drawMode: 0
    adaptiveTiling: 0
  m_AutoTiling: 0
  serializedVersion: 2
  m_Size: {x: 0.0001, y: 0.0001}
  m_EdgeRadius: 0
--- !u!61 &61302792246767852
BoxCollider2D:
  m_ObjectHideFlags: 1
  m_PrefabParentObject: {fileID: 0}
  m_PrefabInternal: {fileID: 100100000}
  m_GameObject: {fileID: 1300087649608994}
  m_Enabled: 0
  m_Density: 1
  m_Material: {fileID: 6200000, guid: 8be6341e1ce3f4cec9902bc34f72d20a, type: 2}
  m_IsTrigger: 0
  m_UsedByEffector: 0
  m_UsedByComposite: 0
  m_Offset: {x: -0.32253164, y: -0.15}
  m_SpriteTilingProperty:
    border: {x: 0, y: 0, z: 0, w: 0}
    pivot: {x: 0.853597, y: 0.6945081}
    oldSize: {x: 0.81, y: 0.57}
    newSize: {x: 1, y: 1}
    adaptiveTilingThreshold: 0.5
    drawMode: 0
    adaptiveTiling: 0
  m_AutoTiling: 0
  serializedVersion: 2
  m_Size: {x: 0.24402617, y: 0.23000002}
  m_EdgeRadius: 0
--- !u!61 &61356043950768366
BoxCollider2D:
  m_ObjectHideFlags: 1
  m_PrefabParentObject: {fileID: 0}
  m_PrefabInternal: {fileID: 100100000}
  m_GameObject: {fileID: 1632894418223484}
  m_Enabled: 0
  m_Density: 1
  m_Material: {fileID: 6200000, guid: 8be6341e1ce3f4cec9902bc34f72d20a, type: 2}
  m_IsTrigger: 0
  m_UsedByEffector: 0
  m_UsedByComposite: 0
  m_Offset: {x: 0.10303746, y: 0.12617792}
  m_SpriteTilingProperty:
    border: {x: 0, y: 0, z: 0, w: 0}
    pivot: {x: 0.5, y: 0.5}
    oldSize: {x: 1.22, y: 1.63}
    newSize: {x: 1, y: 1}
    adaptiveTilingThreshold: 0.5
    drawMode: 0
    adaptiveTiling: 0
  m_AutoTiling: 0
  serializedVersion: 2
  m_Size: {x: 0.3232561, y: 0.44774398}
  m_EdgeRadius: 0
--- !u!61 &61383389487926912
BoxCollider2D:
  m_ObjectHideFlags: 1
  m_PrefabParentObject: {fileID: 0}
  m_PrefabInternal: {fileID: 100100000}
  m_GameObject: {fileID: 1767961042769350}
  m_Enabled: 0
  m_Density: 1
  m_Material: {fileID: 6200000, guid: 8be6341e1ce3f4cec9902bc34f72d20a, type: 2}
  m_IsTrigger: 0
  m_UsedByEffector: 0
  m_UsedByComposite: 0
  m_Offset: {x: -0.23046446, y: -0.034357592}
  m_SpriteTilingProperty:
    border: {x: 0, y: 0, z: 0, w: 0}
    pivot: {x: 0.86956495, y: 0.84646714}
    oldSize: {x: 1.05, y: 0.56}
    newSize: {x: 1, y: 1}
    adaptiveTilingThreshold: 0.5
    drawMode: 0
    adaptiveTiling: 0
  m_AutoTiling: 0
  serializedVersion: 2
  m_Size: {x: 0.27829045, y: 0.18326697}
  m_EdgeRadius: 0
--- !u!61 &61525197981850862
BoxCollider2D:
  m_ObjectHideFlags: 1
  m_PrefabParentObject: {fileID: 0}
  m_PrefabInternal: {fileID: 100100000}
  m_GameObject: {fileID: 1784465956925170}
  m_Enabled: 0
  m_Density: 1
  m_Material: {fileID: 6200000, guid: 8be6341e1ce3f4cec9902bc34f72d20a, type: 2}
  m_IsTrigger: 0
  m_UsedByEffector: 0
  m_UsedByComposite: 0
  m_Offset: {x: 0.07103194, y: -0.22999999}
  m_SpriteTilingProperty:
    border: {x: 0, y: 0, z: 0, w: 0}
    pivot: {x: 0.5355354, y: 0.89476264}
    oldSize: {x: 0.52, y: 1.1}
    newSize: {x: 1, y: 1}
    adaptiveTilingThreshold: 0.5
    drawMode: 0
    adaptiveTiling: 0
  m_AutoTiling: 0
  serializedVersion: 2
  m_Size: {x: 0.19428241, y: 0.25785035}
  m_EdgeRadius: 0
--- !u!61 &61537373203378880
BoxCollider2D:
  m_ObjectHideFlags: 1
  m_PrefabParentObject: {fileID: 0}
  m_PrefabInternal: {fileID: 100100000}
  m_GameObject: {fileID: 1955009796812656}
  m_Enabled: 0
  m_Density: 1
  m_Material: {fileID: 6200000, guid: 8be6341e1ce3f4cec9902bc34f72d20a, type: 2}
  m_IsTrigger: 0
  m_UsedByEffector: 0
  m_UsedByComposite: 0
  m_Offset: {x: -0.2912575, y: -0.06050052}
  m_SpriteTilingProperty:
    border: {x: 0, y: 0, z: 0, w: 0}
    pivot: {x: 0.84646726, y: 0.57106996}
    oldSize: {x: 1.28, y: 0.78}
    newSize: {x: 1, y: 1}
    adaptiveTilingThreshold: 0.5
    drawMode: 0
    adaptiveTiling: 0
  m_AutoTiling: 0
  serializedVersion: 2
  m_Size: {x: 0.30748498, y: 0.28198943}
  m_EdgeRadius: 0
--- !u!61 &61596376424496566
BoxCollider2D:
  m_ObjectHideFlags: 1
  m_PrefabParentObject: {fileID: 0}
  m_PrefabInternal: {fileID: 100100000}
  m_GameObject: {fileID: 1914041666684326}
  m_Enabled: 0
  m_Density: 1
  m_Material: {fileID: 6200000, guid: 8be6341e1ce3f4cec9902bc34f72d20a, type: 2}
  m_IsTrigger: 0
  m_UsedByEffector: 0
  m_UsedByComposite: 0
  m_Offset: {x: -0.21764962, y: -0.28526154}
  m_SpriteTilingProperty:
    border: {x: 0, y: 0, z: 0, w: 0}
    pivot: {x: 0.8171633, y: 0.8605514}
    oldSize: {x: 0.67, y: 0.82}
    newSize: {x: 1, y: 1}
    adaptiveTilingThreshold: 0.5
    drawMode: 0
    adaptiveTiling: 0
  m_AutoTiling: 0
  serializedVersion: 2
  m_Size: {x: 0.23949489, y: 0.24592835}
  m_EdgeRadius: 0
--- !u!61 &61782665175238364
BoxCollider2D:
  m_ObjectHideFlags: 1
  m_PrefabParentObject: {fileID: 0}
  m_PrefabInternal: {fileID: 100100000}
  m_GameObject: {fileID: 1043150580167614}
  m_Enabled: 0
  m_Density: 1
  m_Material: {fileID: 6200000, guid: 8be6341e1ce3f4cec9902bc34f72d20a, type: 2}
  m_IsTrigger: 0
  m_UsedByEffector: 0
  m_UsedByComposite: 0
  m_Offset: {x: 0.0036591506, y: -0.089689575}
  m_SpriteTilingProperty:
    border: {x: 0, y: 0, z: 0, w: 0}
    pivot: {x: 0.3734365, y: 0.87737244}
    oldSize: {x: 0.73, y: 0.71}
    newSize: {x: 1, y: 1}
    adaptiveTilingThreshold: 0.5
    drawMode: 0
    adaptiveTiling: 0
  m_AutoTiling: 0
  serializedVersion: 2
  m_Size: {x: 0.2, y: 0.2}
  m_EdgeRadius: 0
--- !u!61 &61868676409430870
BoxCollider2D:
  m_ObjectHideFlags: 1
  m_PrefabParentObject: {fileID: 0}
  m_PrefabInternal: {fileID: 100100000}
  m_GameObject: {fileID: 1871204330816808}
  m_Enabled: 1
  m_Density: 1
  m_Material: {fileID: 0}
  m_IsTrigger: 0
  m_UsedByEffector: 0
  m_UsedByComposite: 0
  m_Offset: {x: -0.07968013, y: 0.18431914}
  m_SpriteTilingProperty:
    border: {x: 0, y: 0, z: 0, w: 0}
    pivot: {x: 0, y: 0}
    oldSize: {x: 0, y: 0}
    newSize: {x: 0, y: 0}
    adaptiveTilingThreshold: 0
    drawMode: 0
    adaptiveTiling: 0
  m_AutoTiling: 0
  serializedVersion: 2
  m_Size: {x: 0.72148913, y: 2.361999}
  m_EdgeRadius: 0
--- !u!65 &65723687099046786
BoxCollider:
  m_ObjectHideFlags: 1
  m_PrefabParentObject: {fileID: 0}
  m_PrefabInternal: {fileID: 100100000}
  m_GameObject: {fileID: 1651543608843786}
  m_Material: {fileID: 0}
  m_IsTrigger: 0
  m_Enabled: 0
  serializedVersion: 2
  m_Size: {x: 0.2580273, y: 0.38728154, z: 0.2}
  m_Center: {x: -0.021351138, y: -0.0042815083, z: -0.0000076275796}
--- !u!95 &95934194898235984
Animator:
  serializedVersion: 3
  m_ObjectHideFlags: 1
  m_PrefabParentObject: {fileID: 0}
  m_PrefabInternal: {fileID: 100100000}
  m_GameObject: {fileID: 1871204330816808}
  m_Enabled: 1
  m_Avatar: {fileID: 0}
  m_Controller: {fileID: 9100000, guid: 267b0fac556898349b443a13eb57f9fc, type: 2}
  m_CullingMode: 2
  m_UpdateMode: 0
  m_ApplyRootMotion: 0
  m_LinearVelocityBlending: 0
  m_WarningMessage: 
  m_HasTransformHierarchy: 1
  m_AllowConstantClipSamplingOptimization: 1
--- !u!114 &114114648992237860
MonoBehaviour:
  m_ObjectHideFlags: 1
  m_PrefabParentObject: {fileID: 0}
  m_PrefabInternal: {fileID: 100100000}
  m_GameObject: {fileID: 1914041666684326}
  m_Enabled: 1
  m_EditorHideFlags: 0
  m_Script: {fileID: 11500000, guid: 907993394eae2624e9b30b74babb3f1e, type: 3}
  m_Name: 
  m_EditorClassIdentifier: 
  playerObject: {fileID: 1871204330816808}
  A_playerDead: 0
  sloMoCount: 3
  sloMo: 0
--- !u!114 &114177902646738450
MonoBehaviour:
  m_ObjectHideFlags: 1
  m_PrefabParentObject: {fileID: 0}
  m_PrefabInternal: {fileID: 100100000}
  m_GameObject: {fileID: 1632894418223484}
  m_Enabled: 1
  m_EditorHideFlags: 0
  m_Script: {fileID: 11500000, guid: 907993394eae2624e9b30b74babb3f1e, type: 3}
  m_Name: 
  m_EditorClassIdentifier: 
  playerObject: {fileID: 1871204330816808}
  A_playerDead: 0
  sloMoCount: 3
  sloMo: 0
--- !u!114 &114196348920014206
MonoBehaviour:
  m_ObjectHideFlags: 1
  m_PrefabParentObject: {fileID: 0}
  m_PrefabInternal: {fileID: 100100000}
  m_GameObject: {fileID: 1651543608843786}
  m_Enabled: 1
  m_EditorHideFlags: 0
  m_Script: {fileID: 11500000, guid: 907993394eae2624e9b30b74babb3f1e, type: 3}
  m_Name: 
  m_EditorClassIdentifier: 
  playerObject: {fileID: 1871204330816808}
  A_playerDead: 0
  sloMoCount: 3
  sloMo: 0
--- !u!114 &114206059345024482
MonoBehaviour:
  m_ObjectHideFlags: 1
  m_PrefabParentObject: {fileID: 0}
  m_PrefabInternal: {fileID: 100100000}
  m_GameObject: {fileID: 1131532594149138}
  m_Enabled: 1
  m_EditorHideFlags: 0
  m_Script: {fileID: 11500000, guid: 907993394eae2624e9b30b74babb3f1e, type: 3}
  m_Name: 
  m_EditorClassIdentifier: 
  playerObject: {fileID: 1871204330816808}
  A_playerDead: 0
  sloMoCount: 3
  sloMo: 0
--- !u!114 &114223201008362840
MonoBehaviour:
  m_ObjectHideFlags: 1
  m_PrefabParentObject: {fileID: 0}
  m_PrefabInternal: {fileID: 100100000}
  m_GameObject: {fileID: 1871204330816808}
  m_Enabled: 0
  m_EditorHideFlags: 0
  m_Script: {fileID: 11500000, guid: 477148b06c962a14a89a86d5f435fab1, type: 3}
  m_Name: 
  m_EditorClassIdentifier: 
  enemyIntelligence: 1
  inapplicableRunesCount: 0
  desiredRuneType: 0
  lowestIndex: 0
  lastSpellPlayer1: 0
  runeCountList: 
  dictKey: 0
--- !u!114 &114287699838027454
MonoBehaviour:
  m_ObjectHideFlags: 1
  m_PrefabParentObject: {fileID: 0}
  m_PrefabInternal: {fileID: 100100000}
  m_GameObject: {fileID: 1605232479533856}
  m_Enabled: 1
  m_EditorHideFlags: 0
  m_Script: {fileID: 11500000, guid: 907993394eae2624e9b30b74babb3f1e, type: 3}
  m_Name: 
  m_EditorClassIdentifier: 
  playerObject: {fileID: 1871204330816808}
  A_playerDead: 0
  sloMoCount: 3
  sloMo: 0
--- !u!114 &114517911817082900
MonoBehaviour:
  m_ObjectHideFlags: 1
  m_PrefabParentObject: {fileID: 0}
  m_PrefabInternal: {fileID: 100100000}
  m_GameObject: {fileID: 1043150580167614}
  m_Enabled: 1
  m_EditorHideFlags: 0
  m_Script: {fileID: 11500000, guid: 907993394eae2624e9b30b74babb3f1e, type: 3}
  m_Name: 
  m_EditorClassIdentifier: 
  playerObject: {fileID: 1871204330816808}
  A_playerDead: 0
  sloMoCount: 3
  sloMo: 0
--- !u!114 &114547104744964586
MonoBehaviour:
  m_ObjectHideFlags: 1
  m_PrefabParentObject: {fileID: 0}
  m_PrefabInternal: {fileID: 100100000}
  m_GameObject: {fileID: 1871204330816808}
  m_Enabled: 1
  m_EditorHideFlags: 0
  m_Script: {fileID: 11500000, guid: 2c2daef3e49c64548aac6f171865d503, type: 3}
  m_Name: 
  m_EditorClassIdentifier: 
  isBoss: 0
  Head: {fileID: 1955009796812656}
  Torso: {fileID: 1632894418223484}
  Pelvis: {fileID: 1994614606094076}
  gravityScale: 1
  UpperLeftArm: {fileID: 1784465956925170}
  LowerLeftArm: {fileID: 1767961042769350}
  LeftHand: {fileID: 1651543608843786}
  LeftLegUpper: {fileID: 1914041666684326}
  LeftLegLower: {fileID: 1043150580167614}
  LeftFoot: {fileID: 1741904165256858}
  UpperRightArm: {fileID: 1468345356170668}
  LowerRightArm: {fileID: 1622986851680518}
  RightHand: {fileID: 1131532594149138}
  RightLegUpper: {fileID: 1300087649608994}
  RightLegLower: {fileID: 1605232479533856}
  RightFoot: {fileID: 1969941952273844}
  miscPart1: {fileID: 1595326446949142}
  miscPart2: {fileID: 1501348983222238}
  miscPart3: {fileID: 1912533553015740}
  miscPart4: {fileID: 1318712258944840}
  miscPart5: {fileID: 0}
  miscPart6: {fileID: 0}
  miscPart7: {fileID: 0}
  bodyPartForShadow: {fileID: 1300087649608994}
  Sword: {fileID: 0}
  Cape: {fileID: 0}
  healthRecordable: 0
  stunCasted: 0
  isDown: 0
  StartCountDown: 0
  elapsedTimeDown: 0
  sloMoTimer: 0
  FlameDOT: {fileID: 0}
  partsList: []
  itemObject: {fileID: 105256, guid: 9429cb018bb4ac2408f22044e4fa58f6, type: 2}
  itemDropped: {fileID: 0}
  moveOffScreenBool: 0
  lerpTimer: 0
  soundManager: {fileID: 0}
  rockExplosion: {fileID: 0}
  VeryLargeExplosion: {fileID: 0}
  ExplosiveForce: {fileID: 179982, guid: d758f04256cf4734591c21b3eb470b3c, type: 2}
  ScreenShaker: {fileID: 0}
  InventoryScript: {fileID: 0}
  goldRewarded: {fileID: 1637292132788186, guid: bf230bb20b220a349896d570a4639fdc,
    type: 2}
  goldRewardedExtra: {fileID: 1374505432741290, guid: 6167ef99e55ad4948b0ac77371044e1e,
    type: 2}
  goldReward: 0
  ControlEnemyScript: {fileID: 0}
  enemyStatsObj: {fileID: 0}
  shadowObj: {fileID: 0}
  CameraMainMenu: {fileID: 0}
--- !u!114 &114574781449251212
MonoBehaviour:
  m_ObjectHideFlags: 1
  m_PrefabParentObject: {fileID: 0}
  m_PrefabInternal: {fileID: 100100000}
  m_GameObject: {fileID: 1871204330816808}
  m_Enabled: 1
  m_EditorHideFlags: 0
  m_Script: {fileID: 11500000, guid: dd0cf8e71c0e08d48aa4ad9801009580, type: 3}
  m_Name: 
  m_EditorClassIdentifier: 
  animator: {fileID: 95934194898235984}
  FlameDOT: {fileID: 188538, guid: d13e56cac717cb4458c488038a99f03c, type: 2}
  EnemyFlameDOT: 0
  justBurned: 0
  enemyWounded: 0
  BoneThrow: {fileID: 152550, guid: 025908119259c2d4bbcdc8d55049d681, type: 2}
  WolfBiteEffect: {fileID: 0}
  SkeleWarriorAtkEffect: {fileID: 0}
  SkeleWarriorComboEffect: {fileID: 0}
  SkeleMagicHit: {fileID: 0}
  SpellTypeInt: 4
  PurpleExplosion: {fileID: 0}
  shotSpawn: {fileID: 0}
  damageUIElement: {fileID: 0}
  playerHealthMax: 10
  playerHealthCurrent: 11
  playerHealthNew: 10
  lifeStealValue: 0
  enemyDamage: 0
  enemyRank: 0
  playerDead: 0
  player2Invis: 0
  player2ReturnToVisible: 0
  player2Stun: 0
  lifeSteal: 0
  isShielded: 0
  isHittable: 0
  isBoss: 0
  EnemyStunned: 0
  StunTime: 0
  isFrozen: 0
  WoundTime: 0
  Player2HealthBar: {fileID: 0}
  Player2Torso: {fileID: 1632894418223484}
  Player2PunchHand: {fileID: 1131532594149138}
  AutoAtkCollider: {fileID: 0}
  defaultLocation: {x: 0, y: 0, z: 0}
  SpellCreatorObject: {fileID: 0}
  CameraMenu: {fileID: 0}
  playerObj: {fileID: 0}
  shadowObj: {fileID: 0}
  enemyBldColor: {r: 0.3262255, g: 0.8897059, b: 0, a: 1}
  isSkele: 0
  isChest: 0
  bigEnemy: 1
--- !u!114 &114639930183186876
MonoBehaviour:
  m_ObjectHideFlags: 1
  m_PrefabParentObject: {fileID: 0}
  m_PrefabInternal: {fileID: 100100000}
  m_GameObject: {fileID: 1300087649608994}
  m_Enabled: 1
  m_EditorHideFlags: 0
  m_Script: {fileID: 11500000, guid: 907993394eae2624e9b30b74babb3f1e, type: 3}
  m_Name: 
  m_EditorClassIdentifier: 
  playerObject: {fileID: 1871204330816808}
  A_playerDead: 0
  sloMoCount: 3
  sloMo: 0
--- !u!114 &114726136552134336
MonoBehaviour:
  m_ObjectHideFlags: 1
  m_PrefabParentObject: {fileID: 0}
  m_PrefabInternal: {fileID: 100100000}
  m_GameObject: {fileID: 1955009796812656}
  m_Enabled: 1
  m_EditorHideFlags: 0
  m_Script: {fileID: 11500000, guid: 907993394eae2624e9b30b74babb3f1e, type: 3}
  m_Name: 
  m_EditorClassIdentifier: 
  playerObject: {fileID: 1871204330816808}
  A_playerDead: 0
  sloMoCount: 3
  sloMo: 0
--- !u!212 &212049467462179028
SpriteRenderer:
  m_ObjectHideFlags: 1
  m_PrefabParentObject: {fileID: 0}
  m_PrefabInternal: {fileID: 100100000}
  m_GameObject: {fileID: 1969941952273844}
  m_Enabled: 1
  m_CastShadows: 0
  m_ReceiveShadows: 0
  m_DynamicOccludee: 1
  m_MotionVectors: 1
  m_LightProbeUsage: 1
  m_ReflectionProbeUsage: 1
  m_Materials:
  - {fileID: 2100000, guid: 9c75ff2afa63661479fe8333aecf0e85, type: 2}
  m_StaticBatchInfo:
    firstSubMesh: 0
    subMeshCount: 0
  m_StaticBatchRoot: {fileID: 0}
  m_ProbeAnchor: {fileID: 0}
  m_LightProbeVolumeOverride: {fileID: 0}
  m_ScaleInLightmap: 1
  m_PreserveUVs: 0
  m_IgnoreNormalsForChartDetection: 0
  m_ImportantGI: 0
  m_StitchLightmapSeams: 0
  m_SelectedEditorRenderState: 0
  m_MinimumChartSize: 4
  m_AutoUVMaxDistance: 0.5
  m_AutoUVMaxAngle: 89
  m_LightmapParameters: {fileID: 0}
  m_SortingLayerID: 0
  m_SortingLayer: 0
  m_SortingOrder: 3
  m_Sprite: {fileID: 21300026, guid: 4e791d77c3d39d14584be7974652d2e8, type: 3}
  m_Color: {r: 1, g: 1, b: 1, a: 1}
  m_FlipX: 0
  m_FlipY: 0
  m_DrawMode: 0
  m_Size: {x: 1, y: 1}
  m_AdaptiveModeThreshold: 0.5
  m_SpriteTileMode: 0
  m_WasSpriteAssigned: 1
  m_MaskInteraction: 0
--- !u!212 &212051095284976446
SpriteRenderer:
  m_ObjectHideFlags: 1
  m_PrefabParentObject: {fileID: 0}
  m_PrefabInternal: {fileID: 100100000}
  m_GameObject: {fileID: 1784465956925170}
  m_Enabled: 1
  m_CastShadows: 0
  m_ReceiveShadows: 0
  m_DynamicOccludee: 1
  m_MotionVectors: 1
  m_LightProbeUsage: 1
  m_ReflectionProbeUsage: 1
  m_Materials:
  - {fileID: 2100000, guid: 9c75ff2afa63661479fe8333aecf0e85, type: 2}
  m_StaticBatchInfo:
    firstSubMesh: 0
    subMeshCount: 0
  m_StaticBatchRoot: {fileID: 0}
  m_ProbeAnchor: {fileID: 0}
  m_LightProbeVolumeOverride: {fileID: 0}
  m_ScaleInLightmap: 1
  m_PreserveUVs: 0
  m_IgnoreNormalsForChartDetection: 0
  m_ImportantGI: 0
  m_StitchLightmapSeams: 0
  m_SelectedEditorRenderState: 0
  m_MinimumChartSize: 4
  m_AutoUVMaxDistance: 0.5
  m_AutoUVMaxAngle: 89
  m_LightmapParameters: {fileID: 0}
  m_SortingLayerID: 0
  m_SortingLayer: 0
  m_SortingOrder: 4
  m_Sprite: {fileID: 21300012, guid: 1e07167eab3d49045a0ce3ec972f5c80, type: 3}
  m_Color: {r: 1, g: 1, b: 1, a: 1}
  m_FlipX: 0
  m_FlipY: 0
  m_DrawMode: 0
  m_Size: {x: 1, y: 1}
  m_AdaptiveModeThreshold: 0.5
  m_SpriteTileMode: 0
  m_WasSpriteAssigned: 1
  m_MaskInteraction: 0
--- !u!212 &212078947933126436
SpriteRenderer:
  m_ObjectHideFlags: 1
  m_PrefabParentObject: {fileID: 0}
  m_PrefabInternal: {fileID: 100100000}
  m_GameObject: {fileID: 1605232479533856}
  m_Enabled: 1
  m_CastShadows: 0
  m_ReceiveShadows: 0
  m_DynamicOccludee: 1
  m_MotionVectors: 1
  m_LightProbeUsage: 1
  m_ReflectionProbeUsage: 1
  m_Materials:
  - {fileID: 2100000, guid: 9c75ff2afa63661479fe8333aecf0e85, type: 2}
  m_StaticBatchInfo:
    firstSubMesh: 0
    subMeshCount: 0
  m_StaticBatchRoot: {fileID: 0}
  m_ProbeAnchor: {fileID: 0}
  m_LightProbeVolumeOverride: {fileID: 0}
  m_ScaleInLightmap: 1
  m_PreserveUVs: 0
  m_IgnoreNormalsForChartDetection: 0
  m_ImportantGI: 0
  m_StitchLightmapSeams: 0
  m_SelectedEditorRenderState: 0
  m_MinimumChartSize: 4
  m_AutoUVMaxDistance: 0.5
  m_AutoUVMaxAngle: 89
  m_LightmapParameters: {fileID: 0}
  m_SortingLayerID: 0
  m_SortingLayer: 0
  m_SortingOrder: 3
  m_Sprite: {fileID: 21300044, guid: 1e07167eab3d49045a0ce3ec972f5c80, type: 3}
  m_Color: {r: 1, g: 1, b: 1, a: 1}
  m_FlipX: 0
  m_FlipY: 0
  m_DrawMode: 0
  m_Size: {x: 1, y: 1}
  m_AdaptiveModeThreshold: 0.5
  m_SpriteTileMode: 0
  m_WasSpriteAssigned: 1
  m_MaskInteraction: 0
--- !u!212 &212157562064390026
SpriteRenderer:
  m_ObjectHideFlags: 1
  m_PrefabParentObject: {fileID: 0}
  m_PrefabInternal: {fileID: 100100000}
  m_GameObject: {fileID: 1741904165256858}
  m_Enabled: 1
  m_CastShadows: 0
  m_ReceiveShadows: 0
  m_DynamicOccludee: 1
  m_MotionVectors: 1
  m_LightProbeUsage: 1
  m_ReflectionProbeUsage: 1
  m_Materials:
  - {fileID: 2100000, guid: 9c75ff2afa63661479fe8333aecf0e85, type: 2}
  m_StaticBatchInfo:
    firstSubMesh: 0
    subMeshCount: 0
  m_StaticBatchRoot: {fileID: 0}
  m_ProbeAnchor: {fileID: 0}
  m_LightProbeVolumeOverride: {fileID: 0}
  m_ScaleInLightmap: 1
  m_PreserveUVs: 0
  m_IgnoreNormalsForChartDetection: 0
  m_ImportantGI: 0
  m_StitchLightmapSeams: 0
  m_SelectedEditorRenderState: 0
  m_MinimumChartSize: 4
  m_AutoUVMaxDistance: 0.5
  m_AutoUVMaxAngle: 89
  m_LightmapParameters: {fileID: 0}
  m_SortingLayerID: 0
  m_SortingLayer: 0
  m_SortingOrder: 1
  m_Sprite: {fileID: 21300028, guid: 4e791d77c3d39d14584be7974652d2e8, type: 3}
  m_Color: {r: 1, g: 1, b: 1, a: 1}
  m_FlipX: 0
  m_FlipY: 0
  m_DrawMode: 0
  m_Size: {x: 1, y: 1}
  m_AdaptiveModeThreshold: 0.5
  m_SpriteTileMode: 0
  m_WasSpriteAssigned: 1
  m_MaskInteraction: 0
--- !u!212 &212185023307213640
SpriteRenderer:
  m_ObjectHideFlags: 1
  m_PrefabParentObject: {fileID: 0}
  m_PrefabInternal: {fileID: 100100000}
  m_GameObject: {fileID: 1318712258944840}
  m_Enabled: 1
  m_CastShadows: 0
  m_ReceiveShadows: 0
  m_DynamicOccludee: 1
  m_MotionVectors: 1
  m_LightProbeUsage: 1
  m_ReflectionProbeUsage: 1
  m_Materials:
  - {fileID: 2100000, guid: 9c75ff2afa63661479fe8333aecf0e85, type: 2}
  m_StaticBatchInfo:
    firstSubMesh: 0
    subMeshCount: 0
  m_StaticBatchRoot: {fileID: 0}
  m_ProbeAnchor: {fileID: 0}
  m_LightProbeVolumeOverride: {fileID: 0}
  m_ScaleInLightmap: 1
  m_PreserveUVs: 0
  m_IgnoreNormalsForChartDetection: 0
  m_ImportantGI: 0
  m_StitchLightmapSeams: 0
  m_SelectedEditorRenderState: 0
  m_MinimumChartSize: 4
  m_AutoUVMaxDistance: 0.5
  m_AutoUVMaxAngle: 89
  m_LightmapParameters: {fileID: 0}
  m_SortingLayerID: 0
  m_SortingLayer: 0
  m_SortingOrder: 5
  m_Sprite: {fileID: 21300008, guid: 1e07167eab3d49045a0ce3ec972f5c80, type: 3}
  m_Color: {r: 1, g: 1, b: 1, a: 1}
  m_FlipX: 0
  m_FlipY: 0
  m_DrawMode: 0
  m_Size: {x: 1, y: 1}
  m_AdaptiveModeThreshold: 0.5
  m_SpriteTileMode: 0
  m_WasSpriteAssigned: 1
  m_MaskInteraction: 0
--- !u!212 &212237971127570516
SpriteRenderer:
  m_ObjectHideFlags: 1
  m_PrefabParentObject: {fileID: 0}
  m_PrefabInternal: {fileID: 100100000}
  m_GameObject: {fileID: 1300087649608994}
  m_Enabled: 1
  m_CastShadows: 0
  m_ReceiveShadows: 0
  m_DynamicOccludee: 1
  m_MotionVectors: 1
  m_LightProbeUsage: 1
  m_ReflectionProbeUsage: 1
  m_Materials:
  - {fileID: 2100000, guid: 9c75ff2afa63661479fe8333aecf0e85, type: 2}
  m_StaticBatchInfo:
    firstSubMesh: 0
    subMeshCount: 0
  m_StaticBatchRoot: {fileID: 0}
  m_ProbeAnchor: {fileID: 0}
  m_LightProbeVolumeOverride: {fileID: 0}
  m_ScaleInLightmap: 1
  m_PreserveUVs: 0
  m_IgnoreNormalsForChartDetection: 0
  m_ImportantGI: 0
  m_StitchLightmapSeams: 0
  m_SelectedEditorRenderState: 0
  m_MinimumChartSize: 4
  m_AutoUVMaxDistance: 0.5
  m_AutoUVMaxAngle: 89
  m_LightmapParameters: {fileID: 0}
  m_SortingLayerID: 0
  m_SortingLayer: 0
  m_SortingOrder: 0
  m_Sprite: {fileID: 21300042, guid: 1e07167eab3d49045a0ce3ec972f5c80, type: 3}
  m_Color: {r: 1, g: 1, b: 1, a: 1}
  m_FlipX: 0
  m_FlipY: 0
  m_DrawMode: 0
  m_Size: {x: 1, y: 1}
  m_AdaptiveModeThreshold: 0.5
  m_SpriteTileMode: 0
  m_WasSpriteAssigned: 1
  m_MaskInteraction: 0
--- !u!212 &212359877355636066
SpriteRenderer:
  m_ObjectHideFlags: 1
  m_PrefabParentObject: {fileID: 0}
  m_PrefabInternal: {fileID: 100100000}
  m_GameObject: {fileID: 1043150580167614}
  m_Enabled: 1
  m_CastShadows: 0
  m_ReceiveShadows: 0
  m_DynamicOccludee: 1
  m_MotionVectors: 1
  m_LightProbeUsage: 1
  m_ReflectionProbeUsage: 1
  m_Materials:
  - {fileID: 2100000, guid: 9c75ff2afa63661479fe8333aecf0e85, type: 2}
  m_StaticBatchInfo:
    firstSubMesh: 0
    subMeshCount: 0
  m_StaticBatchRoot: {fileID: 0}
  m_ProbeAnchor: {fileID: 0}
  m_LightProbeVolumeOverride: {fileID: 0}
  m_ScaleInLightmap: 1
  m_PreserveUVs: 0
  m_IgnoreNormalsForChartDetection: 0
  m_ImportantGI: 0
  m_StitchLightmapSeams: 0
  m_SelectedEditorRenderState: 0
  m_MinimumChartSize: 4
  m_AutoUVMaxDistance: 0.5
  m_AutoUVMaxAngle: 89
  m_LightmapParameters: {fileID: 0}
  m_SortingLayerID: 0
  m_SortingLayer: 0
  m_SortingOrder: 5
  m_Sprite: {fileID: 21300052, guid: 1e07167eab3d49045a0ce3ec972f5c80, type: 3}
  m_Color: {r: 1, g: 1, b: 1, a: 1}
  m_FlipX: 0
  m_FlipY: 0
  m_DrawMode: 0
  m_Size: {x: 1, y: 1}
  m_AdaptiveModeThreshold: 0.5
  m_SpriteTileMode: 0
  m_WasSpriteAssigned: 1
  m_MaskInteraction: 0
--- !u!212 &212636917820835308
SpriteRenderer:
  m_ObjectHideFlags: 1
  m_PrefabParentObject: {fileID: 0}
  m_PrefabInternal: {fileID: 100100000}
  m_GameObject: {fileID: 1131532594149138}
  m_Enabled: 1
  m_CastShadows: 0
  m_ReceiveShadows: 0
  m_DynamicOccludee: 1
  m_MotionVectors: 1
  m_LightProbeUsage: 1
  m_ReflectionProbeUsage: 1
  m_Materials:
  - {fileID: 2100000, guid: 9c75ff2afa63661479fe8333aecf0e85, type: 2}
  m_StaticBatchInfo:
    firstSubMesh: 0
    subMeshCount: 0
  m_StaticBatchRoot: {fileID: 0}
  m_ProbeAnchor: {fileID: 0}
  m_LightProbeVolumeOverride: {fileID: 0}
  m_ScaleInLightmap: 1
  m_PreserveUVs: 0
  m_IgnoreNormalsForChartDetection: 0
  m_ImportantGI: 0
  m_StitchLightmapSeams: 0
  m_SelectedEditorRenderState: 0
  m_MinimumChartSize: 4
  m_AutoUVMaxDistance: 0.5
  m_AutoUVMaxAngle: 89
  m_LightmapParameters: {fileID: 0}
  m_SortingLayerID: 0
  m_SortingLayer: 0
  m_SortingOrder: 1
  m_Sprite: {fileID: 21300000, guid: 1e07167eab3d49045a0ce3ec972f5c80, type: 3}
  m_Color: {r: 1, g: 1, b: 1, a: 1}
  m_FlipX: 0
  m_FlipY: 0
  m_DrawMode: 0
  m_Size: {x: 1, y: 1}
  m_AdaptiveModeThreshold: 0.5
  m_SpriteTileMode: 0
  m_WasSpriteAssigned: 1
  m_MaskInteraction: 0
--- !u!212 &212686758408487550
SpriteRenderer:
  m_ObjectHideFlags: 1
  m_PrefabParentObject: {fileID: 0}
  m_PrefabInternal: {fileID: 100100000}
  m_GameObject: {fileID: 1622986851680518}
  m_Enabled: 1
  m_CastShadows: 0
  m_ReceiveShadows: 0
  m_DynamicOccludee: 1
  m_MotionVectors: 1
  m_LightProbeUsage: 1
  m_ReflectionProbeUsage: 1
  m_Materials:
  - {fileID: 2100000, guid: 9c75ff2afa63661479fe8333aecf0e85, type: 2}
  m_StaticBatchInfo:
    firstSubMesh: 0
    subMeshCount: 0
  m_StaticBatchRoot: {fileID: 0}
  m_ProbeAnchor: {fileID: 0}
  m_LightProbeVolumeOverride: {fileID: 0}
  m_ScaleInLightmap: 1
  m_PreserveUVs: 0
  m_IgnoreNormalsForChartDetection: 0
  m_ImportantGI: 0
  m_StitchLightmapSeams: 0
  m_SelectedEditorRenderState: 0
  m_MinimumChartSize: 4
  m_AutoUVMaxDistance: 0.5
  m_AutoUVMaxAngle: 89
  m_LightmapParameters: {fileID: 0}
  m_SortingLayerID: 0
  m_SortingLayer: 0
  m_SortingOrder: 2
  m_Sprite: {fileID: 21300020, guid: 1e07167eab3d49045a0ce3ec972f5c80, type: 3}
  m_Color: {r: 1, g: 1, b: 1, a: 1}
  m_FlipX: 0
  m_FlipY: 0
  m_DrawMode: 0
  m_Size: {x: 1, y: 1}
  m_AdaptiveModeThreshold: 0.5
  m_SpriteTileMode: 0
  m_WasSpriteAssigned: 1
  m_MaskInteraction: 0
--- !u!212 &212697097552754404
SpriteRenderer:
  m_ObjectHideFlags: 1
  m_PrefabParentObject: {fileID: 0}
  m_PrefabInternal: {fileID: 100100000}
  m_GameObject: {fileID: 1955009796812656}
  m_Enabled: 1
  m_CastShadows: 0
  m_ReceiveShadows: 0
  m_DynamicOccludee: 1
  m_MotionVectors: 1
  m_LightProbeUsage: 1
  m_ReflectionProbeUsage: 1
  m_Materials:
  - {fileID: 2100000, guid: 9c75ff2afa63661479fe8333aecf0e85, type: 2}
  m_StaticBatchInfo:
    firstSubMesh: 0
    subMeshCount: 0
  m_StaticBatchRoot: {fileID: 0}
  m_ProbeAnchor: {fileID: 0}
  m_LightProbeVolumeOverride: {fileID: 0}
  m_ScaleInLightmap: 1
  m_PreserveUVs: 0
  m_IgnoreNormalsForChartDetection: 0
  m_ImportantGI: 0
  m_StitchLightmapSeams: 0
  m_SelectedEditorRenderState: 0
  m_MinimumChartSize: 4
  m_AutoUVMaxDistance: 0.5
  m_AutoUVMaxAngle: 89
  m_LightmapParameters: {fileID: 0}
  m_SortingLayerID: 0
  m_SortingLayer: 0
  m_SortingOrder: 7
  m_Sprite: {fileID: 21300004, guid: 1e07167eab3d49045a0ce3ec972f5c80, type: 3}
  m_Color: {r: 1, g: 1, b: 1, a: 1}
  m_FlipX: 0
  m_FlipY: 0
  m_DrawMode: 0
  m_Size: {x: 1, y: 1}
  m_AdaptiveModeThreshold: 0.5
  m_SpriteTileMode: 0
  m_WasSpriteAssigned: 1
  m_MaskInteraction: 0
--- !u!212 &212737173525691552
SpriteRenderer:
  m_ObjectHideFlags: 1
  m_PrefabParentObject: {fileID: 0}
  m_PrefabInternal: {fileID: 100100000}
  m_GameObject: {fileID: 1651543608843786}
  m_Enabled: 1
  m_CastShadows: 0
  m_ReceiveShadows: 0
  m_DynamicOccludee: 1
  m_MotionVectors: 1
  m_LightProbeUsage: 1
  m_ReflectionProbeUsage: 1
  m_Materials:
  - {fileID: 2100000, guid: 9c75ff2afa63661479fe8333aecf0e85, type: 2}
  m_StaticBatchInfo:
    firstSubMesh: 0
    subMeshCount: 0
  m_StaticBatchRoot: {fileID: 0}
  m_ProbeAnchor: {fileID: 0}
  m_LightProbeVolumeOverride: {fileID: 0}
  m_ScaleInLightmap: 1
  m_PreserveUVs: 0
  m_IgnoreNormalsForChartDetection: 0
  m_ImportantGI: 0
  m_StitchLightmapSeams: 0
  m_SelectedEditorRenderState: 0
  m_MinimumChartSize: 4
  m_AutoUVMaxDistance: 0.5
  m_AutoUVMaxAngle: 89
  m_LightmapParameters: {fileID: 0}
  m_SortingLayerID: 0
  m_SortingLayer: 0
  m_SortingOrder: 9
  m_Sprite: {fileID: 21300046, guid: 1e07167eab3d49045a0ce3ec972f5c80, type: 3}
  m_Color: {r: 1, g: 1, b: 1, a: 1}
  m_FlipX: 0
  m_FlipY: 0
  m_DrawMode: 0
  m_Size: {x: 1, y: 1}
  m_AdaptiveModeThreshold: 0.5
  m_SpriteTileMode: 0
  m_WasSpriteAssigned: 1
  m_MaskInteraction: 0
--- !u!212 &212739219162215662
SpriteRenderer:
  m_ObjectHideFlags: 1
  m_PrefabParentObject: {fileID: 0}
  m_PrefabInternal: {fileID: 100100000}
  m_GameObject: {fileID: 1595326446949142}
  m_Enabled: 1
  m_CastShadows: 0
  m_ReceiveShadows: 0
  m_DynamicOccludee: 1
  m_MotionVectors: 1
  m_LightProbeUsage: 0
  m_ReflectionProbeUsage: 0
  m_Materials:
  - {fileID: 2100000, guid: 9c75ff2afa63661479fe8333aecf0e85, type: 2}
  m_StaticBatchInfo:
    firstSubMesh: 0
    subMeshCount: 0
  m_StaticBatchRoot: {fileID: 0}
  m_ProbeAnchor: {fileID: 0}
  m_LightProbeVolumeOverride: {fileID: 0}
  m_ScaleInLightmap: 1
  m_PreserveUVs: 0
  m_IgnoreNormalsForChartDetection: 0
  m_ImportantGI: 0
  m_StitchLightmapSeams: 0
  m_SelectedEditorRenderState: 0
  m_MinimumChartSize: 4
  m_AutoUVMaxDistance: 0.5
  m_AutoUVMaxAngle: 89
  m_LightmapParameters: {fileID: 0}
  m_SortingLayerID: 0
  m_SortingLayer: 0
  m_SortingOrder: 3
  m_Sprite: {fileID: 21300048, guid: 1e07167eab3d49045a0ce3ec972f5c80, type: 3}
  m_Color: {r: 1, g: 1, b: 1, a: 1}
  m_FlipX: 0
  m_FlipY: 0
  m_DrawMode: 0
  m_Size: {x: 1, y: 1}
  m_AdaptiveModeThreshold: 0.5
  m_SpriteTileMode: 0
  m_WasSpriteAssigned: 1
  m_MaskInteraction: 0
--- !u!212 &212780786050460664
SpriteRenderer:
  m_ObjectHideFlags: 1
  m_PrefabParentObject: {fileID: 0}
  m_PrefabInternal: {fileID: 100100000}
  m_GameObject: {fileID: 1994614606094076}
  m_Enabled: 1
  m_CastShadows: 0
  m_ReceiveShadows: 0
  m_DynamicOccludee: 1
  m_MotionVectors: 1
  m_LightProbeUsage: 0
  m_ReflectionProbeUsage: 0
  m_Materials:
  - {fileID: 2100000, guid: 9c75ff2afa63661479fe8333aecf0e85, type: 2}
  m_StaticBatchInfo:
    firstSubMesh: 0
    subMeshCount: 0
  m_StaticBatchRoot: {fileID: 0}
  m_ProbeAnchor: {fileID: 0}
  m_LightProbeVolumeOverride: {fileID: 0}
  m_ScaleInLightmap: 1
  m_PreserveUVs: 0
  m_IgnoreNormalsForChartDetection: 0
  m_ImportantGI: 0
  m_StitchLightmapSeams: 0
  m_SelectedEditorRenderState: 0
  m_MinimumChartSize: 4
  m_AutoUVMaxDistance: 0.5
  m_AutoUVMaxAngle: 89
  m_LightmapParameters: {fileID: 0}
  m_SortingLayerID: 0
  m_SortingLayer: 0
  m_SortingOrder: 1
  m_Sprite: {fileID: 21300036, guid: 1e07167eab3d49045a0ce3ec972f5c80, type: 3}
  m_Color: {r: 1, g: 1, b: 1, a: 1}
  m_FlipX: 0
  m_FlipY: 0
  m_DrawMode: 0
  m_Size: {x: 1, y: 1}
  m_AdaptiveModeThreshold: 0.5
  m_SpriteTileMode: 0
  m_WasSpriteAssigned: 1
  m_MaskInteraction: 0
--- !u!212 &212827484245409358
SpriteRenderer:
  m_ObjectHideFlags: 1
  m_PrefabParentObject: {fileID: 0}
  m_PrefabInternal: {fileID: 100100000}
  m_GameObject: {fileID: 1912533553015740}
  m_Enabled: 1
  m_CastShadows: 0
  m_ReceiveShadows: 0
  m_DynamicOccludee: 1
  m_MotionVectors: 1
  m_LightProbeUsage: 1
  m_ReflectionProbeUsage: 1
  m_Materials:
  - {fileID: 2100000, guid: 9c75ff2afa63661479fe8333aecf0e85, type: 2}
  m_StaticBatchInfo:
    firstSubMesh: 0
    subMeshCount: 0
  m_StaticBatchRoot: {fileID: 0}
  m_ProbeAnchor: {fileID: 0}
  m_LightProbeVolumeOverride: {fileID: 0}
  m_ScaleInLightmap: 1
  m_PreserveUVs: 0
  m_IgnoreNormalsForChartDetection: 0
  m_ImportantGI: 0
  m_StitchLightmapSeams: 0
  m_SelectedEditorRenderState: 0
  m_MinimumChartSize: 4
  m_AutoUVMaxDistance: 0.5
  m_AutoUVMaxAngle: 89
  m_LightmapParameters: {fileID: 0}
  m_SortingLayerID: 0
  m_SortingLayer: 0
  m_SortingOrder: 6
  m_Sprite: {fileID: 21300016, guid: 1e07167eab3d49045a0ce3ec972f5c80, type: 3}
  m_Color: {r: 1, g: 1, b: 1, a: 1}
  m_FlipX: 0
  m_FlipY: 0
  m_DrawMode: 0
  m_Size: {x: 1, y: 1}
  m_AdaptiveModeThreshold: 0.5
  m_SpriteTileMode: 0
  m_WasSpriteAssigned: 1
  m_MaskInteraction: 0
--- !u!212 &212842201094804366
SpriteRenderer:
  m_ObjectHideFlags: 1
  m_PrefabParentObject: {fileID: 0}
  m_PrefabInternal: {fileID: 100100000}
  m_GameObject: {fileID: 1501348983222238}
  m_Enabled: 1
  m_CastShadows: 0
  m_ReceiveShadows: 0
  m_DynamicOccludee: 1
  m_MotionVectors: 1
  m_LightProbeUsage: 1
  m_ReflectionProbeUsage: 1
  m_Materials:
  - {fileID: 2100000, guid: 9c75ff2afa63661479fe8333aecf0e85, type: 2}
  m_StaticBatchInfo:
    firstSubMesh: 0
    subMeshCount: 0
  m_StaticBatchRoot: {fileID: 0}
  m_ProbeAnchor: {fileID: 0}
  m_LightProbeVolumeOverride: {fileID: 0}
  m_ScaleInLightmap: 1
  m_PreserveUVs: 0
  m_IgnoreNormalsForChartDetection: 0
  m_ImportantGI: 0
  m_StitchLightmapSeams: 0
  m_SelectedEditorRenderState: 0
  m_MinimumChartSize: 4
  m_AutoUVMaxDistance: 0.5
  m_AutoUVMaxAngle: 89
  m_LightmapParameters: {fileID: 0}
  m_SortingLayerID: 0
  m_SortingLayer: 0
  m_SortingOrder: 3
  m_Sprite: {fileID: 21300022, guid: 1e07167eab3d49045a0ce3ec972f5c80, type: 3}
  m_Color: {r: 1, g: 1, b: 1, a: 1}
  m_FlipX: 0
  m_FlipY: 0
  m_DrawMode: 0
  m_Size: {x: 1, y: 1}
  m_AdaptiveModeThreshold: 0.5
  m_SpriteTileMode: 0
  m_WasSpriteAssigned: 1
  m_MaskInteraction: 0
--- !u!212 &212911083165280636
SpriteRenderer:
  m_ObjectHideFlags: 1
  m_PrefabParentObject: {fileID: 0}
  m_PrefabInternal: {fileID: 100100000}
  m_GameObject: {fileID: 1914041666684326}
  m_Enabled: 1
  m_CastShadows: 0
  m_ReceiveShadows: 0
  m_DynamicOccludee: 1
  m_MotionVectors: 1
  m_LightProbeUsage: 1
  m_ReflectionProbeUsage: 1
  m_Materials:
  - {fileID: 2100000, guid: 9c75ff2afa63661479fe8333aecf0e85, type: 2}
  m_StaticBatchInfo:
    firstSubMesh: 0
    subMeshCount: 0
  m_StaticBatchRoot: {fileID: 0}
  m_ProbeAnchor: {fileID: 0}
  m_LightProbeVolumeOverride: {fileID: 0}
  m_ScaleInLightmap: 1
  m_PreserveUVs: 0
  m_IgnoreNormalsForChartDetection: 0
  m_ImportantGI: 0
  m_StitchLightmapSeams: 0
  m_SelectedEditorRenderState: 0
  m_MinimumChartSize: 4
  m_AutoUVMaxDistance: 0.5
  m_AutoUVMaxAngle: 89
  m_LightmapParameters: {fileID: 0}
  m_SortingLayerID: 0
  m_SortingLayer: 0
  m_SortingOrder: 4
  m_Sprite: {fileID: 21300050, guid: 1e07167eab3d49045a0ce3ec972f5c80, type: 3}
  m_Color: {r: 1, g: 1, b: 1, a: 1}
  m_FlipX: 0
  m_FlipY: 0
  m_DrawMode: 0
  m_Size: {x: 1, y: 1}
  m_AdaptiveModeThreshold: 0.5
  m_SpriteTileMode: 0
  m_WasSpriteAssigned: 1
  m_MaskInteraction: 0
--- !u!212 &212945133130792938
SpriteRenderer:
  m_ObjectHideFlags: 1
  m_PrefabParentObject: {fileID: 0}
  m_PrefabInternal: {fileID: 100100000}
  m_GameObject: {fileID: 1468345356170668}
  m_Enabled: 1
  m_CastShadows: 0
  m_ReceiveShadows: 0
  m_DynamicOccludee: 1
  m_MotionVectors: 1
  m_LightProbeUsage: 1
  m_ReflectionProbeUsage: 1
  m_Materials:
  - {fileID: 2100000, guid: 9c75ff2afa63661479fe8333aecf0e85, type: 2}
  m_StaticBatchInfo:
    firstSubMesh: 0
    subMeshCount: 0
  m_StaticBatchRoot: {fileID: 0}
  m_ProbeAnchor: {fileID: 0}
  m_LightProbeVolumeOverride: {fileID: 0}
  m_ScaleInLightmap: 1
  m_PreserveUVs: 0
  m_IgnoreNormalsForChartDetection: 0
  m_ImportantGI: 0
  m_StitchLightmapSeams: 0
  m_SelectedEditorRenderState: 0
  m_MinimumChartSize: 4
  m_AutoUVMaxDistance: 0.5
  m_AutoUVMaxAngle: 89
  m_LightmapParameters: {fileID: 0}
  m_SortingLayerID: 0
  m_SortingLayer: 0
  m_SortingOrder: 1
  m_Sprite: {fileID: 21300032, guid: 1e07167eab3d49045a0ce3ec972f5c80, type: 3}
  m_Color: {r: 1, g: 1, b: 1, a: 1}
  m_FlipX: 0
  m_FlipY: 0
  m_DrawMode: 0
  m_Size: {x: 1, y: 1}
  m_AdaptiveModeThreshold: 0.5
  m_SpriteTileMode: 0
  m_WasSpriteAssigned: 1
  m_MaskInteraction: 0
--- !u!212 &212978574506813310
SpriteRenderer:
  m_ObjectHideFlags: 1
  m_PrefabParentObject: {fileID: 0}
  m_PrefabInternal: {fileID: 100100000}
  m_GameObject: {fileID: 1767961042769350}
  m_Enabled: 1
  m_CastShadows: 0
  m_ReceiveShadows: 0
  m_DynamicOccludee: 1
  m_MotionVectors: 1
  m_LightProbeUsage: 1
  m_ReflectionProbeUsage: 1
  m_Materials:
  - {fileID: 2100000, guid: 9c75ff2afa63661479fe8333aecf0e85, type: 2}
  m_StaticBatchInfo:
    firstSubMesh: 0
    subMeshCount: 0
  m_StaticBatchRoot: {fileID: 0}
  m_ProbeAnchor: {fileID: 0}
  m_LightProbeVolumeOverride: {fileID: 0}
  m_ScaleInLightmap: 1
  m_PreserveUVs: 0
  m_IgnoreNormalsForChartDetection: 0
  m_ImportantGI: 0
  m_StitchLightmapSeams: 0
  m_SelectedEditorRenderState: 0
  m_MinimumChartSize: 4
  m_AutoUVMaxDistance: 0.5
  m_AutoUVMaxAngle: 89
  m_LightmapParameters: {fileID: 0}
  m_SortingLayerID: 0
  m_SortingLayer: 0
  m_SortingOrder: 8
  m_Sprite: {fileID: 21300026, guid: 1e07167eab3d49045a0ce3ec972f5c80, type: 3}
  m_Color: {r: 1, g: 1, b: 1, a: 1}
  m_FlipX: 0
  m_FlipY: 0
  m_DrawMode: 0
  m_Size: {x: 1, y: 1}
  m_AdaptiveModeThreshold: 0.5
  m_SpriteTileMode: 0
  m_WasSpriteAssigned: 1
  m_MaskInteraction: 0
--- !u!212 &212995007102004048
SpriteRenderer:
  m_ObjectHideFlags: 1
  m_PrefabParentObject: {fileID: 0}
  m_PrefabInternal: {fileID: 100100000}
  m_GameObject: {fileID: 1632894418223484}
  m_Enabled: 1
  m_CastShadows: 0
  m_ReceiveShadows: 0
  m_DynamicOccludee: 1
  m_MotionVectors: 1
  m_LightProbeUsage: 1
  m_ReflectionProbeUsage: 1
  m_Materials:
  - {fileID: 2100000, guid: 9c75ff2afa63661479fe8333aecf0e85, type: 2}
  m_StaticBatchInfo:
    firstSubMesh: 0
    subMeshCount: 0
  m_StaticBatchRoot: {fileID: 0}
  m_ProbeAnchor: {fileID: 0}
  m_LightProbeVolumeOverride: {fileID: 0}
  m_ScaleInLightmap: 1
  m_PreserveUVs: 0
  m_IgnoreNormalsForChartDetection: 0
  m_ImportantGI: 0
  m_StitchLightmapSeams: 0
  m_SelectedEditorRenderState: 0
  m_MinimumChartSize: 4
  m_AutoUVMaxDistance: 0.5
  m_AutoUVMaxAngle: 89
  m_LightmapParameters: {fileID: 0}
  m_SortingLayerID: 0
  m_SortingLayer: 0
  m_SortingOrder: 2
  m_Sprite: {fileID: 21300024, guid: 1e07167eab3d49045a0ce3ec972f5c80, type: 3}
  m_Color: {r: 1, g: 1, b: 1, a: 1}
  m_FlipX: 0
  m_FlipY: 0
  m_DrawMode: 0
  m_Size: {x: 1, y: 1}
  m_AdaptiveModeThreshold: 0.5
  m_SpriteTileMode: 0
  m_WasSpriteAssigned: 1
  m_MaskInteraction: 0
--- !u!233 &233012184760437602
HingeJoint2D:
  m_ObjectHideFlags: 1
  m_PrefabParentObject: {fileID: 0}
  m_PrefabInternal: {fileID: 100100000}
  m_GameObject: {fileID: 1767961042769350}
  m_Enabled: 0
  serializedVersion: 4
  m_EnableCollision: 0
  m_ConnectedRigidBody: {fileID: 50285037151531092}
  m_BreakForce: Infinity
  m_BreakTorque: Infinity
  m_AutoConfigureConnectedAnchor: 0
  m_Anchor: {x: 0.000000025202434, y: 0.00000016993704}
  m_ConnectedAnchor: {x: 0.11900015, y: -0.8970002}
  m_UseMotor: 0
  m_Motor:
    m_MotorSpeed: 0
    m_MaximumMotorForce: 10000
  m_UseLimits: 1
  m_AngleLimits:
    m_LowerAngle: 0
    m_UpperAngle: 204.8
--- !u!233 &233021938894524396
HingeJoint2D:
  m_ObjectHideFlags: 1
  m_PrefabParentObject: {fileID: 0}
  m_PrefabInternal: {fileID: 100100000}
  m_GameObject: {fileID: 1043150580167614}
  m_Enabled: 0
  serializedVersion: 4
  m_EnableCollision: 0
  m_ConnectedRigidBody: {fileID: 50179058242559132}
  m_BreakForce: Infinity
  m_BreakTorque: Infinity
  m_AutoConfigureConnectedAnchor: 0
  m_Anchor: {x: 0, y: 0}
  m_ConnectedAnchor: {x: -0.2809996, y: -0.638}
  m_UseMotor: 0
  m_Motor:
    m_MotorSpeed: 0
    m_MaximumMotorForce: 10000
  m_UseLimits: 1
  m_AngleLimits:
    m_LowerAngle: 34.7
    m_UpperAngle: -148.2
--- !u!233 &233265163652731504
HingeJoint2D:
  m_ObjectHideFlags: 1
  m_PrefabParentObject: {fileID: 0}
  m_PrefabInternal: {fileID: 100100000}
  m_GameObject: {fileID: 1300087649608994}
  m_Enabled: 0
  serializedVersion: 4
  m_EnableCollision: 0
  m_ConnectedRigidBody: {fileID: 50915370709876848}
  m_BreakForce: Infinity
  m_BreakTorque: Infinity
  m_AutoConfigureConnectedAnchor: 0
  m_Anchor: {x: 0, y: 0}
  m_ConnectedAnchor: {x: 0.038351644, y: -0.6370734}
  m_UseMotor: 0
  m_Motor:
    m_MotorSpeed: 0
    m_MaximumMotorForce: 10000
  m_UseLimits: 1
  m_AngleLimits:
    m_LowerAngle: 0
    m_UpperAngle: -200.1
--- !u!233 &233277806031960980
HingeJoint2D:
  m_ObjectHideFlags: 1
  m_PrefabParentObject: {fileID: 0}
  m_PrefabInternal: {fileID: 100100000}
  m_GameObject: {fileID: 1914041666684326}
  m_Enabled: 0
  serializedVersion: 4
  m_EnableCollision: 0
  m_ConnectedRigidBody: {fileID: 50915370709876848}
  m_BreakForce: Infinity
  m_BreakTorque: Infinity
  m_AutoConfigureConnectedAnchor: 0
  m_Anchor: {x: 0, y: 0}
  m_ConnectedAnchor: {x: 0.434048, y: -0.65362585}
  m_UseMotor: 0
  m_Motor:
    m_MotorSpeed: 0
    m_MaximumMotorForce: 10000
  m_UseLimits: 1
  m_AngleLimits:
    m_LowerAngle: 0
    m_UpperAngle: -208
--- !u!233 &233456769485765690
HingeJoint2D:
  m_ObjectHideFlags: 1
  m_PrefabParentObject: {fileID: 0}
  m_PrefabInternal: {fileID: 100100000}
  m_GameObject: {fileID: 1605232479533856}
  m_Enabled: 0
  serializedVersion: 4
  m_EnableCollision: 0
  m_ConnectedRigidBody: {fileID: 50361989690053224}
  m_BreakForce: Infinity
  m_BreakTorque: Infinity
  m_AutoConfigureConnectedAnchor: 0
  m_Anchor: {x: 0, y: 0}
  m_ConnectedAnchor: {x: -0.5410006, y: -0.42999992}
  m_UseMotor: 0
  m_Motor:
    m_MotorSpeed: 0
    m_MaximumMotorForce: 10000
  m_UseLimits: 1
  m_AngleLimits:
    m_LowerAngle: 24.13
    m_UpperAngle: -149.2
--- !u!233 &233480884250179208
HingeJoint2D:
  m_ObjectHideFlags: 1
  m_PrefabParentObject: {fileID: 0}
  m_PrefabInternal: {fileID: 100100000}
  m_GameObject: {fileID: 1955009796812656}
  m_Enabled: 0
  serializedVersion: 4
  m_EnableCollision: 0
  m_ConnectedRigidBody: {fileID: 50915370709876848}
  m_BreakForce: Infinity
  m_BreakTorque: Infinity
  m_AutoConfigureConnectedAnchor: 0
  m_Anchor: {x: 0.025398977, y: 0.000011200037}
  m_ConnectedAnchor: {x: -0.26609337, y: 0.47343636}
  m_UseMotor: 0
  m_Motor:
    m_MotorSpeed: 0
    m_MaximumMotorForce: 10000
  m_UseLimits: 1
  m_AngleLimits:
    m_LowerAngle: 90
    m_UpperAngle: 270
--- !u!233 &233514497369531322
HingeJoint2D:
  m_ObjectHideFlags: 1
  m_PrefabParentObject: {fileID: 0}
  m_PrefabInternal: {fileID: 100100000}
  m_GameObject: {fileID: 1622986851680518}
  m_Enabled: 0
  serializedVersion: 4
  m_EnableCollision: 0
  m_ConnectedRigidBody: {fileID: 50112913194525596}
  m_BreakForce: Infinity
  m_BreakTorque: Infinity
  m_AutoConfigureConnectedAnchor: 0
  m_Anchor: {x: 0.038525987, y: 0.02373501}
  m_ConnectedAnchor: {x: 0.0010639434, y: -0.81123203}
  m_UseMotor: 0
  m_Motor:
    m_MotorSpeed: 0
    m_MaximumMotorForce: 10000
  m_UseLimits: 1
  m_AngleLimits:
    m_LowerAngle: -90
    m_UpperAngle: 90
--- !u!233 &233651511614125478
HingeJoint2D:
  m_ObjectHideFlags: 1
  m_PrefabParentObject: {fileID: 0}
  m_PrefabInternal: {fileID: 100100000}
  m_GameObject: {fileID: 1784465956925170}
  m_Enabled: 0
  serializedVersion: 4
  m_EnableCollision: 0
  m_ConnectedRigidBody: {fileID: 50915370709876848}
  m_BreakForce: Infinity
  m_BreakTorque: Infinity
  m_AutoConfigureConnectedAnchor: 0
  m_Anchor: {x: -0.0187443, y: -0.025122063}
  m_ConnectedAnchor: {x: 0.19162555, y: 0.57085377}
  m_UseMotor: 0
  m_Motor:
    m_MotorSpeed: 0
    m_MaximumMotorForce: 10000
  m_UseLimits: 1
  m_AngleLimits:
    m_LowerAngle: -208.23
    m_UpperAngle: -45.7
--- !u!233 &233799131639132482
HingeJoint2D:
  m_ObjectHideFlags: 1
  m_PrefabParentObject: {fileID: 0}
  m_PrefabInternal: {fileID: 100100000}
  m_GameObject: {fileID: 1632894418223484}
  m_Enabled: 0
  serializedVersion: 4
  m_EnableCollision: 0
  m_ConnectedRigidBody: {fileID: 50619643853929714}
  m_BreakForce: Infinity
  m_BreakTorque: Infinity
  m_AutoConfigureConnectedAnchor: 0
  m_Anchor: {x: 0, y: 0}
  m_ConnectedAnchor: {x: 0.36600015, y: -0.42299965}
  m_UseMotor: 0
  m_Motor:
    m_MotorSpeed: 0
    m_MaximumMotorForce: 10000
  m_UseLimits: 1
  m_AngleLimits:
    m_LowerAngle: 0
    m_UpperAngle: 360
--- !u!233 &233884220586479020
HingeJoint2D:
  m_ObjectHideFlags: 1
  m_PrefabParentObject: {fileID: 0}
  m_PrefabInternal: {fileID: 100100000}
  m_GameObject: {fileID: 1468345356170668}
  m_Enabled: 0
  serializedVersion: 4
  m_EnableCollision: 0
  m_ConnectedRigidBody: {fileID: 50915370709876848}
  m_BreakForce: Infinity
  m_BreakTorque: Infinity
  m_AutoConfigureConnectedAnchor: 0
  m_Anchor: {x: -0.037220452, y: -0.013432737}
  m_ConnectedAnchor: {x: -0.18734565, y: 0.42408815}
  m_UseMotor: 0
  m_Motor:
    m_MotorSpeed: 0
    m_MaximumMotorForce: 10000
  m_UseLimits: 1
  m_AngleLimits:
    m_LowerAngle: -45
    m_UpperAngle: 45
